%YAML 1.1
%TAG !u! tag:unity3d.com,2011:
--- !u!29 &1
OcclusionCullingSettings:
  m_ObjectHideFlags: 0
  serializedVersion: 2
  m_OcclusionBakeSettings:
    smallestOccluder: 5
    smallestHole: 0.25
    backfaceThreshold: 100
  m_SceneGUID: 00000000000000000000000000000000
  m_OcclusionCullingData: {fileID: 0}
--- !u!104 &2
RenderSettings:
  m_ObjectHideFlags: 0
  serializedVersion: 9
  m_Fog: 0
  m_FogColor: {r: 0.5, g: 0.5, b: 0.5, a: 1}
  m_FogMode: 3
  m_FogDensity: 0.01
  m_LinearFogStart: 0
  m_LinearFogEnd: 300
  m_AmbientSkyColor: {r: 0, g: 0, b: 0, a: 1}
  m_AmbientEquatorColor: {r: 0.114, g: 0.125, b: 0.133, a: 1}
  m_AmbientGroundColor: {r: 0.047, g: 0.043, b: 0.035, a: 1}
  m_AmbientIntensity: 1
  m_AmbientMode: 3
  m_SubtractiveShadowColor: {r: 0.42, g: 0.478, b: 0.627, a: 1}
  m_SkyboxMaterial: {fileID: 2100000, guid: 2bbbf08c7e5afb748ad57408e41c821d, type: 2}
  m_HaloStrength: 0.5
  m_FlareStrength: 1
  m_FlareFadeSpeed: 3
  m_HaloTexture: {fileID: 0}
  m_SpotCookie: {fileID: 10001, guid: 0000000000000000e000000000000000, type: 0}
  m_DefaultReflectionMode: 0
  m_DefaultReflectionResolution: 128
  m_ReflectionBounces: 1
  m_ReflectionIntensity: 1
  m_CustomReflection: {fileID: 0}
  m_Sun: {fileID: 705507994}
  m_IndirectSpecularColor: {r: 0.43094257, g: 0.43094257, b: 0.43094257, a: 1}
  m_UseRadianceAmbientProbe: 0
--- !u!157 &3
LightmapSettings:
  m_ObjectHideFlags: 0
  serializedVersion: 12
  m_GIWorkflowMode: 1
  m_GISettings:
    serializedVersion: 2
    m_BounceScale: 1
    m_IndirectOutputScale: 1
    m_AlbedoBoost: 1
    m_EnvironmentLightingMode: 0
    m_EnableBakedLightmaps: 1
    m_EnableRealtimeLightmaps: 0
  m_LightmapEditorSettings:
    serializedVersion: 12
    m_Resolution: 2
    m_BakeResolution: 40
    m_AtlasSize: 1024
    m_AO: 0
    m_AOMaxDistance: 1
    m_CompAOExponent: 1
    m_CompAOExponentDirect: 0
    m_ExtractAmbientOcclusion: 0
    m_Padding: 2
    m_LightmapParameters: {fileID: 0}
    m_LightmapsBakeMode: 1
    m_TextureCompression: 1
    m_FinalGather: 0
    m_FinalGatherFiltering: 1
    m_FinalGatherRayCount: 256
    m_ReflectionCompression: 2
    m_MixedBakeMode: 2
    m_BakeBackend: 1
    m_PVRSampling: 1
    m_PVRDirectSampleCount: 32
    m_PVRSampleCount: 500
    m_PVRBounces: 2
    m_PVREnvironmentSampleCount: 500
    m_PVREnvironmentReferencePointCount: 2048
    m_PVRFilteringMode: 2
    m_PVRDenoiserTypeDirect: 0
    m_PVRDenoiserTypeIndirect: 0
    m_PVRDenoiserTypeAO: 0
    m_PVRFilterTypeDirect: 0
    m_PVRFilterTypeIndirect: 0
    m_PVRFilterTypeAO: 0
    m_PVREnvironmentMIS: 0
    m_PVRCulling: 1
    m_PVRFilteringGaussRadiusDirect: 1
    m_PVRFilteringGaussRadiusIndirect: 5
    m_PVRFilteringGaussRadiusAO: 2
    m_PVRFilteringAtrousPositionSigmaDirect: 0.5
    m_PVRFilteringAtrousPositionSigmaIndirect: 2
    m_PVRFilteringAtrousPositionSigmaAO: 1
    m_ExportTrainingData: 0
    m_TrainingDataDestination: TrainingData
    m_LightProbeSampleCountMultiplier: 4
  m_LightingDataAsset: {fileID: 0}
  m_LightingSettings: {fileID: 0}
--- !u!196 &4
NavMeshSettings:
  serializedVersion: 2
  m_ObjectHideFlags: 0
  m_BuildSettings:
    serializedVersion: 2
    agentTypeID: 0
    agentRadius: 0.5
    agentHeight: 2
    agentSlope: 45
    agentClimb: 0.4
    ledgeDropHeight: 0
    maxJumpAcrossDistance: 0
    minRegionArea: 2
    manualCellSize: 0
    cellSize: 0.16666667
    manualTileSize: 0
    tileSize: 256
    accuratePlacement: 0
    maxJobWorkers: 0
    preserveTilesOutsideBounds: 0
    debug:
      m_Flags: 0
  m_NavMeshData: {fileID: 0}
--- !u!1 &2270006
GameObject:
  m_ObjectHideFlags: 0
  m_CorrespondingSourceObject: {fileID: 0}
  m_PrefabInstance: {fileID: 0}
  m_PrefabAsset: {fileID: 0}
  serializedVersion: 6
  m_Component:
  - component: {fileID: 2270007}
  m_Layer: 0
  m_Name: CutableSprites
  m_TagString: Untagged
  m_Icon: {fileID: 0}
  m_NavMeshLayer: 0
  m_StaticEditorFlags: 0
  m_IsActive: 1
--- !u!4 &2270007
Transform:
  m_ObjectHideFlags: 0
  m_CorrespondingSourceObject: {fileID: 0}
  m_PrefabInstance: {fileID: 0}
  m_PrefabAsset: {fileID: 0}
  m_GameObject: {fileID: 2270006}
  m_LocalRotation: {x: 0, y: 0, z: 0, w: 1}
  m_LocalPosition: {x: -6.51, y: 0, z: 0}
  m_LocalScale: {x: 1, y: 1, z: 1}
  m_ConstrainProportionsScale: 0
  m_Children:
  - {fileID: 953730696}
  - {fileID: 1101858643}
  - {fileID: 1019555796}
  - {fileID: 1049895371}
  - {fileID: 1806603449}
  - {fileID: 1485091384}
  m_Father: {fileID: 0}
  m_RootOrder: 4
  m_LocalEulerAnglesHint: {x: 0, y: 0, z: 0}
--- !u!1 &144838342
GameObject:
  m_ObjectHideFlags: 0
  m_CorrespondingSourceObject: {fileID: 0}
  m_PrefabInstance: {fileID: 0}
  m_PrefabAsset: {fileID: 0}
  serializedVersion: 6
  m_Component:
  - component: {fileID: 144838344}
  - component: {fileID: 144838343}
  m_Layer: 0
  m_Name: AudioManager
  m_TagString: Untagged
  m_Icon: {fileID: 0}
  m_NavMeshLayer: 0
  m_StaticEditorFlags: 0
  m_IsActive: 1
--- !u!114 &144838343
MonoBehaviour:
  m_ObjectHideFlags: 0
  m_CorrespondingSourceObject: {fileID: 0}
  m_PrefabInstance: {fileID: 0}
  m_PrefabAsset: {fileID: 0}
  m_GameObject: {fileID: 144838342}
  m_Enabled: 1
  m_EditorHideFlags: 0
  m_Script: {fileID: 11500000, guid: dbd4696f72f72cd49ae09d64624b1131, type: 3}
  m_Name: 
  m_EditorClassIdentifier: 
  maxCount: 15
  chopSound: {fileID: 8300000, guid: f55d6679067346142a910fabbf34ddd6, type: 3}
  dropSound: {fileID: 8300000, guid: 7d8793ff0f59bb44aad16b2310076819, type: 3}
  cutController: {fileID: 409605139}
--- !u!4 &144838344
Transform:
  m_ObjectHideFlags: 0
  m_CorrespondingSourceObject: {fileID: 0}
  m_PrefabInstance: {fileID: 0}
  m_PrefabAsset: {fileID: 0}
  m_GameObject: {fileID: 144838342}
  m_LocalRotation: {x: 0, y: 0, z: 0, w: 1}
  m_LocalPosition: {x: -1.7756804, y: -5.1013722, z: -2.9874167}
  m_LocalScale: {x: 1, y: 1, z: 1}
  m_ConstrainProportionsScale: 0
  m_Children: []
  m_Father: {fileID: 0}
  m_RootOrder: 5
  m_LocalEulerAnglesHint: {x: 0, y: 0, z: 0}
--- !u!1 &409605138
GameObject:
  m_ObjectHideFlags: 0
  m_CorrespondingSourceObject: {fileID: 0}
  m_PrefabInstance: {fileID: 0}
  m_PrefabAsset: {fileID: 0}
  serializedVersion: 6
  m_Component:
  - component: {fileID: 409605140}
  - component: {fileID: 409605139}
  - component: {fileID: 409605141}
  m_Layer: 0
  m_Name: CutController
  m_TagString: Untagged
  m_Icon: {fileID: 0}
  m_NavMeshLayer: 0
  m_StaticEditorFlags: 0
  m_IsActive: 1
--- !u!114 &409605139
MonoBehaviour:
  m_ObjectHideFlags: 0
  m_CorrespondingSourceObject: {fileID: 0}
  m_PrefabInstance: {fileID: 0}
  m_PrefabAsset: {fileID: 0}
  m_GameObject: {fileID: 409605138}
  m_Enabled: 1
  m_EditorHideFlags: 0
  m_Script: {fileID: 11500000, guid: d48a740ed1690fa4e98586505936c616, type: 3}
  m_Name: 
  m_EditorClassIdentifier: 
  cam: {fileID: 963194227}
  cutableMeshList:
  - {fileID: 953730694}
  - {fileID: 1101858641}
  - {fileID: 1019555794}
  - {fileID: 1049895369}
  - {fileID: 1806603447}
  - {fileID: 1485091382}
--- !u!4 &409605140
Transform:
  m_ObjectHideFlags: 0
  m_CorrespondingSourceObject: {fileID: 0}
  m_PrefabInstance: {fileID: 0}
  m_PrefabAsset: {fileID: 0}
  m_GameObject: {fileID: 409605138}
  m_LocalRotation: {x: 0, y: 0, z: 0, w: 1}
  m_LocalPosition: {x: 4.29, y: 1.85, z: 0}
  m_LocalScale: {x: 1.2, y: 1.2, z: 1.2}
  m_ConstrainProportionsScale: 0
  m_Children: []
  m_Father: {fileID: 0}
  m_RootOrder: 3
  m_LocalEulerAnglesHint: {x: 0, y: 0, z: 0}
--- !u!120 &409605141
LineRenderer:
  m_ObjectHideFlags: 0
  m_CorrespondingSourceObject: {fileID: 0}
  m_PrefabInstance: {fileID: 0}
  m_PrefabAsset: {fileID: 0}
  m_GameObject: {fileID: 409605138}
  m_Enabled: 1
  m_CastShadows: 1
  m_ReceiveShadows: 1
  m_DynamicOccludee: 1
  m_StaticShadowCaster: 0
  m_MotionVectors: 0
  m_LightProbeUsage: 0
  m_ReflectionProbeUsage: 0
  m_RayTracingMode: 0
  m_RayTraceProcedural: 0
  m_RenderingLayerMask: 1
  m_RendererPriority: 0
  m_Materials:
  - {fileID: 2100000, guid: 8f82182fc940e7947a42920d1d9c87b3, type: 2}
  m_StaticBatchInfo:
    firstSubMesh: 0
    subMeshCount: 0
  m_StaticBatchRoot: {fileID: 0}
  m_ProbeAnchor: {fileID: 0}
  m_LightProbeVolumeOverride: {fileID: 0}
  m_ScaleInLightmap: 1
  m_ReceiveGI: 1
  m_PreserveUVs: 0
  m_IgnoreNormalsForChartDetection: 0
  m_ImportantGI: 0
  m_StitchLightmapSeams: 1
  m_SelectedEditorRenderState: 3
  m_MinimumChartSize: 4
  m_AutoUVMaxDistance: 0.5
  m_AutoUVMaxAngle: 89
  m_LightmapParameters: {fileID: 0}
  m_SortingLayerID: 0
  m_SortingLayer: 0
  m_SortingOrder: 0
  m_Positions:
  - {x: -1.6, y: 0, z: 0}
  - {x: 0, y: 0, z: 1}
  m_Parameters:
    serializedVersion: 3
    widthMultiplier: 1
    widthCurve:
      serializedVersion: 2
      m_Curve:
      - serializedVersion: 3
        time: 0
        value: 0.3058815
        inSlope: 0
        outSlope: 0
        tangentMode: 0
        weightedMode: 0
        inWeight: 0.33333334
        outWeight: 0.33333334
      m_PreInfinity: 2
      m_PostInfinity: 2
      m_RotationOrder: 4
    colorGradient:
      serializedVersion: 2
      key0: {r: 0, g: 1, b: 0.18461275, a: 1}
      key1: {r: 0, g: 1, b: 0.7085576, a: 1}
      key2: {r: 0, g: 0, b: 0, a: 0}
      key3: {r: 0, g: 0, b: 0, a: 0}
      key4: {r: 0, g: 0, b: 0, a: 0}
      key5: {r: 0, g: 0, b: 0, a: 0}
      key6: {r: 0, g: 0, b: 0, a: 0}
      key7: {r: 0, g: 0, b: 0, a: 0}
      ctime0: 0
      ctime1: 65535
      ctime2: 0
      ctime3: 0
      ctime4: 0
      ctime5: 0
      ctime6: 0
      ctime7: 0
      atime0: 0
      atime1: 65535
      atime2: 0
      atime3: 0
      atime4: 0
      atime5: 0
      atime6: 0
      atime7: 0
      m_Mode: 0
      m_NumColorKeys: 2
      m_NumAlphaKeys: 2
    numCornerVertices: 0
    numCapVertices: 0
    alignment: 0
    textureMode: 1
    shadowBias: 0.5
    generateLightingData: 0
  m_UseWorldSpace: 1
  m_Loop: 0
--- !u!1 &415262587
GameObject:
  m_ObjectHideFlags: 0
  m_CorrespondingSourceObject: {fileID: 0}
  m_PrefabInstance: {fileID: 0}
  m_PrefabAsset: {fileID: 0}
  serializedVersion: 6
  m_Component:
  - component: {fileID: 415262588}
  m_Layer: 0
  m_Name: -------------------------------
  m_TagString: Untagged
  m_Icon: {fileID: 0}
  m_NavMeshLayer: 0
  m_StaticEditorFlags: 0
  m_IsActive: 1
--- !u!4 &415262588
Transform:
  m_ObjectHideFlags: 0
  m_CorrespondingSourceObject: {fileID: 0}
  m_PrefabInstance: {fileID: 0}
  m_PrefabAsset: {fileID: 0}
  m_GameObject: {fileID: 415262587}
  m_LocalRotation: {x: 0, y: 0, z: 0, w: 1}
  m_LocalPosition: {x: 1.9818422, y: -4.9169216, z: 5.1763673}
  m_LocalScale: {x: 1, y: 1, z: 1}
  m_ConstrainProportionsScale: 0
  m_Children: []
  m_Father: {fileID: 0}
  m_RootOrder: 2
  m_LocalEulerAnglesHint: {x: 0, y: 0, z: 0}
--- !u!1 &705507993
GameObject:
  m_ObjectHideFlags: 0
  m_CorrespondingSourceObject: {fileID: 0}
  m_PrefabInstance: {fileID: 0}
  m_PrefabAsset: {fileID: 0}
  serializedVersion: 6
  m_Component:
  - component: {fileID: 705507995}
  - component: {fileID: 705507994}
  - component: {fileID: 705507996}
  m_Layer: 0
  m_Name: Directional Light
  m_TagString: Untagged
  m_Icon: {fileID: 0}
  m_NavMeshLayer: 0
  m_StaticEditorFlags: 0
  m_IsActive: 1
--- !u!108 &705507994
Light:
  m_ObjectHideFlags: 0
  m_CorrespondingSourceObject: {fileID: 0}
  m_PrefabInstance: {fileID: 0}
  m_PrefabAsset: {fileID: 0}
  m_GameObject: {fileID: 705507993}
  m_Enabled: 1
  serializedVersion: 10
  m_Type: 1
  m_Shape: 0
  m_Color: {r: 1, g: 0.95686275, b: 0.8392157, a: 1}
  m_Intensity: 1
  m_Range: 10
  m_SpotAngle: 30
  m_InnerSpotAngle: 21.80208
  m_CookieSize: 10
  m_Shadows:
    m_Type: 2
    m_Resolution: -1
    m_CustomResolution: -1
    m_Strength: 1
    m_Bias: 0.05
    m_NormalBias: 0.4
    m_NearPlane: 0.2
    m_CullingMatrixOverride:
      e00: 1
      e01: 0
      e02: 0
      e03: 0
      e10: 0
      e11: 1
      e12: 0
      e13: 0
      e20: 0
      e21: 0
      e22: 1
      e23: 0
      e30: 0
      e31: 0
      e32: 0
      e33: 1
    m_UseCullingMatrixOverride: 0
  m_Cookie: {fileID: 0}
  m_DrawHalo: 0
  m_Flare: {fileID: 0}
  m_RenderMode: 0
  m_CullingMask:
    serializedVersion: 2
    m_Bits: 4294967295
  m_RenderingLayerMask: 1
  m_Lightmapping: 1
  m_LightShadowCasterMode: 0
  m_AreaSize: {x: 1, y: 1}
  m_BounceIntensity: 1
  m_ColorTemperature: 6570
  m_UseColorTemperature: 0
  m_BoundingSphereOverride: {x: 0, y: 0, z: 0, w: 0}
  m_UseBoundingSphereOverride: 0
  m_UseViewFrustumForShadowCasterCull: 1
  m_ShadowRadius: 0
  m_ShadowAngle: 0
--- !u!4 &705507995
Transform:
  m_ObjectHideFlags: 0
  m_CorrespondingSourceObject: {fileID: 0}
  m_PrefabInstance: {fileID: 0}
  m_PrefabAsset: {fileID: 0}
  m_GameObject: {fileID: 705507993}
  m_LocalRotation: {x: 0.40821788, y: -0.23456968, z: 0.10938163, w: 0.8754261}
  m_LocalPosition: {x: -1.9818422, y: 7.9169216, z: -5.1763673}
  m_LocalScale: {x: 1, y: 1, z: 1}
  m_ConstrainProportionsScale: 0
  m_Children: []
  m_Father: {fileID: 1561046803}
  m_RootOrder: 1
  m_LocalEulerAnglesHint: {x: 50, y: -30, z: 0}
--- !u!114 &705507996
MonoBehaviour:
  m_ObjectHideFlags: 0
  m_CorrespondingSourceObject: {fileID: 0}
  m_PrefabInstance: {fileID: 0}
  m_PrefabAsset: {fileID: 0}
  m_GameObject: {fileID: 705507993}
  m_Enabled: 1
  m_EditorHideFlags: 0
  m_Script: {fileID: 11500000, guid: 474bcb49853aa07438625e644c072ee6, type: 3}
  m_Name: 
  m_EditorClassIdentifier: 
  m_Version: 1
  m_UsePipelineSettings: 1
  m_AdditionalLightsShadowResolutionTier: 2
  m_LightLayerMask: 1
  m_CustomShadowLayers: 0
  m_ShadowLayerMask: 1
  m_LightCookieSize: {x: 1, y: 1}
  m_LightCookieOffset: {x: 0, y: 0}
--- !u!1 &808152067
GameObject:
  m_ObjectHideFlags: 0
  m_CorrespondingSourceObject: {fileID: 0}
  m_PrefabInstance: {fileID: 0}
  m_PrefabAsset: {fileID: 0}
  serializedVersion: 6
  m_Component:
  - component: {fileID: 808152068}
  m_Layer: 0
  m_Name: Environment
  m_TagString: Untagged
  m_Icon: {fileID: 0}
  m_NavMeshLayer: 0
  m_StaticEditorFlags: 0
  m_IsActive: 1
--- !u!4 &808152068
Transform:
  m_ObjectHideFlags: 0
  m_CorrespondingSourceObject: {fileID: 0}
  m_PrefabInstance: {fileID: 0}
  m_PrefabAsset: {fileID: 0}
  m_GameObject: {fileID: 808152067}
  m_LocalRotation: {x: 0, y: 0, z: 0, w: 1}
  m_LocalPosition: {x: 1.9818422, y: -4.9169216, z: 5.1763673}
  m_LocalScale: {x: 1, y: 1, z: 1}
  m_ConstrainProportionsScale: 0
  m_Children:
  - {fileID: 1174598825}
  - {fileID: 1895153052}
  m_Father: {fileID: 0}
  m_RootOrder: 0
  m_LocalEulerAnglesHint: {x: 0, y: 0, z: 0}
--- !u!1 &953730691
GameObject:
  m_ObjectHideFlags: 0
  m_CorrespondingSourceObject: {fileID: 0}
  m_PrefabInstance: {fileID: 0}
  m_PrefabAsset: {fileID: 0}
  serializedVersion: 6
  m_Component:
  - component: {fileID: 953730696}
  - component: {fileID: 953730695}
  - component: {fileID: 953730694}
  - component: {fileID: 953730693}
  - component: {fileID: 953730692}
  m_Layer: 0
  m_Name: Sprite (1)
  m_TagString: Untagged
  m_Icon: {fileID: 0}
  m_NavMeshLayer: 0
  m_StaticEditorFlags: 0
  m_IsActive: 1
--- !u!60 &953730692
PolygonCollider2D:
  m_ObjectHideFlags: 0
  m_CorrespondingSourceObject: {fileID: 0}
  m_PrefabInstance: {fileID: 0}
  m_PrefabAsset: {fileID: 0}
  m_GameObject: {fileID: 953730691}
  m_Enabled: 1
  m_Density: 1
  m_Material: {fileID: 0}
  m_IsTrigger: 0
  m_UsedByEffector: 0
  m_UsedByComposite: 0
  m_Offset: {x: 0, y: 0}
  m_SpriteTilingProperty:
    border: {x: 0, y: 0, z: 0, w: 0}
    pivot: {x: 0.5, y: 0.5}
    oldSize: {x: 4.9, y: 6.02}
    newSize: {x: 2.9, y: 2.22}
    adaptiveTilingThreshold: 0.5
    drawMode: 0
    adaptiveTiling: 0
  m_AutoTiling: 0
  m_Points:
    m_Paths:
    - - {x: 2.0996094, y: -7.104492}
      - {x: 2.4902344, y: -6.9335938}
      - {x: 2.8320312, y: -6.713867}
      - {x: 3.125, y: -6.4941406}
      - {x: 3.7109375, y: -5.932617}
      - {x: 3.9794922, y: -5.5908203}
      - {x: 4.248047, y: -5.2001953}
      - {x: 4.614258, y: -4.5410156}
      - {x: 4.8339844, y: -4.0039062}
      - {x: 5.004883, y: -3.6376953}
      - {x: 5.3466797, y: -2.8564453}
      - {x: 5.6396484, y: -1.8310547}
      - {x: 5.883789, y: -1.0742188}
      - {x: 6.0058594, y: -0.48828125}
      - {x: 6.0302734, y: -0.07324219}
      - {x: 6.0546875, y: 0.14648438}
      - {x: 6.0546875, y: 1.2939453}
      - {x: 6.0058594, y: 1.6845703}
      - {x: 5.908203, y: 2.2949219}
      - {x: 6.0791016, y: 2.319336}
      - {x: 6.4697266, y: 2.1972656}
      - {x: 6.7871094, y: 2.0751953}
      - {x: 6.982422, y: 2.0019531}
      - {x: 7.421875, y: 1.8554688}
      - {x: 7.6171875, y: 1.8066406}
      - {x: 7.9345703, y: 1.8066406}
      - {x: 8.154297, y: 1.953125}
      - {x: 8.178711, y: 2.0263672}
      - {x: 8.178711, y: 2.5390625}
      - {x: 8.154297, y: 2.7832031}
      - {x: 8.105469, y: 3.3447266}
      - {x: 8.056641, y: 3.8330078}
      - {x: 7.9833984, y: 4.1748047}
      - {x: 7.739258, y: 4.7851562}
      - {x: 7.397461, y: 5.493164}
      - {x: 7.3242188, y: 5.6152344}
      - {x: 7.1777344, y: 5.834961}
      - {x: 6.4941406, y: 6.5185547}
      - {x: 6.298828, y: 6.689453}
      - {x: 5.908203, y: 6.9335938}
      - {x: 5.444336, y: 7.1533203}
      - {x: 5.2246094, y: 7.2509766}
      - {x: 4.8339844, y: 7.373047}
      - {x: 4.4433594, y: 7.446289}
      - {x: 4.1503906, y: 7.495117}
      - {x: 3.3447266, y: 7.495117}
      - {x: 3.149414, y: 7.470703}
      - {x: 2.319336, y: 7.3242188}
      - {x: 2.1484375, y: 7.2753906}
      - {x: 1.6357422, y: 7.104492}
      - {x: 1.3671875, y: 6.982422}
      - {x: 0.68359375, y: 6.591797}
      - {x: 0.61035156, y: 6.7871094}
      - {x: 0.56152344, y: 7.03125}
      - {x: 0.390625, y: 7.2265625}
      - {x: 0.1953125, y: 7.3242188}
      - {x: 0.024414062, y: 7.3242188}
      - {x: -0.12207031, y: 7.2265625}
      - {x: -0.1953125, y: 7.006836}
      - {x: -0.2685547, y: 6.5185547}
      - {x: -0.36621094, y: 6.3476562}
      - {x: -0.5126953, y: 6.0302734}
      - {x: -0.61035156, y: 5.883789}
      - {x: -1.1474609, y: 5.932617}
      - {x: -1.5869141, y: 5.9570312}
      - {x: -1.953125, y: 5.9570312}
      - {x: -2.368164, y: 5.932617}
      - {x: -3.0761719, y: 5.9814453}
      - {x: -3.7841797, y: 5.9814453}
      - {x: -3.9794922, y: 5.9570312}
      - {x: -4.321289, y: 5.883789}
      - {x: -4.5654297, y: 5.810547}
      - {x: -4.9560547, y: 5.6396484}
      - {x: -5.493164, y: 5.2734375}
      - {x: -6.0546875, y: 4.736328}
      - {x: -6.4453125, y: 4.223633}
      - {x: -6.689453, y: 3.8574219}
      - {x: -7.006836, y: 3.2226562}
      - {x: -7.1777344, y: 2.7832031}
      - {x: -7.2753906, y: 2.4658203}
      - {x: -7.397461, y: 1.9287109}
      - {x: -7.446289, y: 1.6357422}
      - {x: -7.5195312, y: 1.0498047}
      - {x: -7.5195312, y: 0.048828125}
      - {x: -7.495117, y: -0.1953125}
      - {x: -7.446289, y: -0.61035156}
      - {x: -7.373047, y: -1.0498047}
      - {x: -7.2998047, y: -1.3916016}
      - {x: -7.1533203, y: -1.9287109}
      - {x: -7.006836, y: -2.3925781}
      - {x: -6.8847656, y: -2.6855469}
      - {x: -6.7382812, y: -3.0273438}
      - {x: -6.4941406, y: -3.5644531}
      - {x: -6.298828, y: -4.0527344}
      - {x: -5.883789, y: -4.8095703}
      - {x: -5.517578, y: -5.2978516}
      - {x: -5.2246094, y: -5.6396484}
      - {x: -4.7851562, y: -6.0791016}
      - {x: -4.4189453, y: -6.3720703}
      - {x: -4.223633, y: -6.5185547}
      - {x: -3.881836, y: -6.713867}
      - {x: -3.540039, y: -6.8847656}
      - {x: -2.9541016, y: -7.2021484}
      - {x: -2.1728516, y: -7.397461}
      - {x: -1.7822266, y: -7.446289}
      - {x: -0.9765625, y: -7.446289}
      - {x: -0.61035156, y: -7.470703}
      - {x: 0.24414062, y: -7.470703}
      - {x: 0.24414062, y: -7.495117}
      - {x: 0.75683594, y: -7.495117}
      - {x: 1.171875, y: -7.397461}
      - {x: 1.4404297, y: -7.348633}
      - {x: 1.7333984, y: -7.2509766}
    - - {x: 0.12207031, y: 5.859375}
      - {x: 0.12207031, y: 5.9570312}
      - {x: 0.14648438, y: 5.9814453}
      - {x: 0.17089844, y: 6.0791016}
      - {x: 0.24414062, y: 6.1523438}
      - {x: 0.34179688, y: 6.176758}
      - {x: 0.36621094, y: 6.201172}
      - {x: 0.6347656, y: 6.201172}
      - {x: 0.7080078, y: 6.1523438}
      - {x: 0.9277344, y: 5.9570312}
      - {x: 0.95214844, y: 5.859375}
      - {x: 0.9033203, y: 5.834961}
      - {x: 0.7080078, y: 5.834961}
      - {x: 0.68359375, y: 5.810547}
      - {x: 0.17089844, y: 5.810547}
--- !u!50 &953730693
Rigidbody2D:
  serializedVersion: 4
  m_ObjectHideFlags: 0
  m_CorrespondingSourceObject: {fileID: 0}
  m_PrefabInstance: {fileID: 0}
  m_PrefabAsset: {fileID: 0}
  m_GameObject: {fileID: 953730691}
  m_BodyType: 2
  m_Simulated: 1
  m_UseFullKinematicContacts: 0
  m_UseAutoMass: 0
  m_Mass: 1
  m_LinearDrag: 0
  m_AngularDrag: 0.05
  m_GravityScale: 1
  m_Material: {fileID: 6200000, guid: 6590db5f97e097140992916c222cdef0, type: 2}
  m_Interpolate: 0
  m_SleepingMode: 1
  m_CollisionDetection: 0
  m_Constraints: 0
--- !u!114 &953730694
MonoBehaviour:
  m_ObjectHideFlags: 0
  m_CorrespondingSourceObject: {fileID: 0}
  m_PrefabInstance: {fileID: 0}
  m_PrefabAsset: {fileID: 0}
  m_GameObject: {fileID: 953730691}
  m_Enabled: 1
  m_EditorHideFlags: 0
  m_Script: {fileID: 11500000, guid: 0e8ea07ad73f7504fa068bb8af2f48fc, type: 3}
  m_Name: 
  m_EditorClassIdentifier: 
  cam: {fileID: 963194227}
  cutOffTexture: {fileID: 2800000, guid: 13bb1cf9508196e469c8f58a5bfbd8b0, type: 3}
  indices: 
  vertices: []
--- !u!212 &953730695
SpriteRenderer:
  m_ObjectHideFlags: 0
  m_CorrespondingSourceObject: {fileID: 0}
  m_PrefabInstance: {fileID: 0}
  m_PrefabAsset: {fileID: 0}
  m_GameObject: {fileID: 953730691}
  m_Enabled: 1
  m_CastShadows: 0
  m_ReceiveShadows: 0
  m_DynamicOccludee: 1
  m_StaticShadowCaster: 0
  m_MotionVectors: 1
  m_LightProbeUsage: 1
  m_ReflectionProbeUsage: 1
  m_RayTracingMode: 0
  m_RayTraceProcedural: 0
  m_RenderingLayerMask: 1
  m_RendererPriority: 0
  m_Materials:
  - {fileID: 10754, guid: 0000000000000000f000000000000000, type: 0}
  m_StaticBatchInfo:
    firstSubMesh: 0
    subMeshCount: 0
  m_StaticBatchRoot: {fileID: 0}
  m_ProbeAnchor: {fileID: 0}
  m_LightProbeVolumeOverride: {fileID: 0}
  m_ScaleInLightmap: 1
  m_ReceiveGI: 1
  m_PreserveUVs: 0
  m_IgnoreNormalsForChartDetection: 0
  m_ImportantGI: 0
  m_StitchLightmapSeams: 1
  m_SelectedEditorRenderState: 0
  m_MinimumChartSize: 4
  m_AutoUVMaxDistance: 0.5
  m_AutoUVMaxAngle: 89
  m_LightmapParameters: {fileID: 0}
  m_SortingLayerID: 0
  m_SortingLayer: 0
  m_SortingOrder: 0
  m_Sprite: {fileID: 21300000, guid: a8cb90885b86d954a93a5127bd0e7ff0, type: 3}
  m_Color: {r: 1, g: 1, b: 1, a: 1}
  m_FlipX: 0
  m_FlipY: 0
  m_DrawMode: 0
  m_Size: {x: 2.9, y: 2.22}
  m_AdaptiveModeThreshold: 0.5
  m_SpriteTileMode: 0
  m_WasSpriteAssigned: 1
  m_MaskInteraction: 0
  m_SpriteSortPoint: 0
--- !u!4 &953730696
Transform:
  m_ObjectHideFlags: 0
  m_CorrespondingSourceObject: {fileID: 0}
  m_PrefabInstance: {fileID: 0}
  m_PrefabAsset: {fileID: 0}
  m_GameObject: {fileID: 953730691}
  m_LocalRotation: {x: -0, y: -0, z: -0, w: 1}
  m_LocalPosition: {x: 2.46, y: 0, z: 0}
  m_LocalScale: {x: 0.25, y: 0.24999999, z: 0.25}
  m_ConstrainProportionsScale: 1
  m_Children: []
  m_Father: {fileID: 2270007}
  m_RootOrder: 0
  m_LocalEulerAnglesHint: {x: 0, y: 0, z: 0}
--- !u!1 &963194225
GameObject:
  m_ObjectHideFlags: 0
  m_CorrespondingSourceObject: {fileID: 0}
  m_PrefabInstance: {fileID: 0}
  m_PrefabAsset: {fileID: 0}
  serializedVersion: 6
  m_Component:
  - component: {fileID: 963194228}
  - component: {fileID: 963194227}
  - component: {fileID: 963194226}
  - component: {fileID: 963194229}
  m_Layer: 0
  m_Name: Main Camera
  m_TagString: MainCamera
  m_Icon: {fileID: 0}
  m_NavMeshLayer: 0
  m_StaticEditorFlags: 0
  m_IsActive: 1
--- !u!81 &963194226
AudioListener:
  m_ObjectHideFlags: 0
  m_CorrespondingSourceObject: {fileID: 0}
  m_PrefabInstance: {fileID: 0}
  m_PrefabAsset: {fileID: 0}
  m_GameObject: {fileID: 963194225}
  m_Enabled: 1
--- !u!20 &963194227
Camera:
  m_ObjectHideFlags: 0
  m_CorrespondingSourceObject: {fileID: 0}
  m_PrefabInstance: {fileID: 0}
  m_PrefabAsset: {fileID: 0}
  m_GameObject: {fileID: 963194225}
  m_Enabled: 1
  serializedVersion: 2
  m_ClearFlags: 2
  m_BackGroundColor: {r: 0.6132076, g: 0.6132076, b: 0.6132076, a: 0}
  m_projectionMatrixMode: 1
  m_GateFitMode: 2
  m_FOVAxisMode: 0
  m_SensorSize: {x: 36, y: 24}
  m_LensShift: {x: 0, y: 0}
  m_FocalLength: 50
  m_NormalizedViewPortRect:
    serializedVersion: 2
    x: 0
    y: 0
    width: 1
    height: 1
  near clip plane: 0.3
  far clip plane: 1000
  field of view: 60
  orthographic: 1
  orthographic size: 5
  m_Depth: -1
  m_CullingMask:
    serializedVersion: 2
    m_Bits: 4294967295
  m_RenderingPath: -1
  m_TargetTexture: {fileID: 0}
  m_TargetDisplay: 0
  m_TargetEye: 3
  m_HDR: 1
  m_AllowMSAA: 1
  m_AllowDynamicResolution: 0
  m_ForceIntoRT: 0
  m_OcclusionCulling: 1
  m_StereoConvergence: 10
  m_StereoSeparation: 0.022
--- !u!4 &963194228
Transform:
  m_ObjectHideFlags: 0
  m_CorrespondingSourceObject: {fileID: 0}
  m_PrefabInstance: {fileID: 0}
  m_PrefabAsset: {fileID: 0}
  m_GameObject: {fileID: 963194225}
  m_LocalRotation: {x: -0, y: -0, z: -0, w: 1}
  m_LocalPosition: {x: -1.9818422, y: 4.9169216, z: -15.836367}
  m_LocalScale: {x: 1, y: 1, z: 1}
  m_ConstrainProportionsScale: 0
  m_Children: []
  m_Father: {fileID: 1561046803}
  m_RootOrder: 0
  m_LocalEulerAnglesHint: {x: 0, y: 0, z: 0}
--- !u!114 &963194229
MonoBehaviour:
  m_ObjectHideFlags: 0
  m_CorrespondingSourceObject: {fileID: 0}
  m_PrefabInstance: {fileID: 0}
  m_PrefabAsset: {fileID: 0}
  m_GameObject: {fileID: 963194225}
  m_Enabled: 1
  m_EditorHideFlags: 0
  m_Script: {fileID: 11500000, guid: a79441f348de89743a2939f4d699eac1, type: 3}
  m_Name: 
  m_EditorClassIdentifier: 
  m_RenderShadows: 1
  m_RequiresDepthTextureOption: 2
  m_RequiresOpaqueTextureOption: 2
  m_CameraType: 0
  m_Cameras: []
  m_RendererIndex: -1
  m_VolumeLayerMask:
    serializedVersion: 2
    m_Bits: 1
  m_VolumeTrigger: {fileID: 0}
  m_VolumeFrameworkUpdateModeOption: 2
  m_RenderPostProcessing: 1
  m_Antialiasing: 2
  m_AntialiasingQuality: 2
  m_StopNaN: 0
  m_Dithering: 0
  m_ClearDepth: 1
  m_AllowXRRendering: 1
  m_RequiresDepthTexture: 0
  m_RequiresColorTexture: 0
  m_Version: 2
--- !u!1 &1019555791
GameObject:
  m_ObjectHideFlags: 0
  m_CorrespondingSourceObject: {fileID: 0}
  m_PrefabInstance: {fileID: 0}
  m_PrefabAsset: {fileID: 0}
  serializedVersion: 6
  m_Component:
  - component: {fileID: 1019555796}
  - component: {fileID: 1019555795}
  - component: {fileID: 1019555794}
  - component: {fileID: 1019555793}
  - component: {fileID: 1019555792}
  m_Layer: 0
  m_Name: Sprite (3)
  m_TagString: Untagged
  m_Icon: {fileID: 0}
  m_NavMeshLayer: 0
  m_StaticEditorFlags: 0
  m_IsActive: 1
--- !u!60 &1019555792
PolygonCollider2D:
  m_ObjectHideFlags: 0
  m_CorrespondingSourceObject: {fileID: 0}
  m_PrefabInstance: {fileID: 0}
  m_PrefabAsset: {fileID: 0}
  m_GameObject: {fileID: 1019555791}
  m_Enabled: 1
  m_Density: 1
  m_Material: {fileID: 0}
  m_IsTrigger: 0
  m_UsedByEffector: 0
  m_UsedByComposite: 0
  m_Offset: {x: 0, y: 0}
  m_SpriteTilingProperty:
    border: {x: 0, y: 0, z: 0, w: 0}
    pivot: {x: 0.5, y: 0.5}
    oldSize: {x: 6.23, y: 5.49}
    newSize: {x: 2.9, y: 2.22}
    adaptiveTilingThreshold: 0.5
    drawMode: 0
    adaptiveTiling: 0
  m_AutoTiling: 0
  m_Points:
    m_Paths:
    - - {x: 2.0996094, y: -7.104492}
      - {x: 2.4902344, y: -6.9335938}
      - {x: 2.8320312, y: -6.713867}
      - {x: 3.125, y: -6.4941406}
      - {x: 3.7109375, y: -5.932617}
      - {x: 3.9794922, y: -5.5908203}
      - {x: 4.248047, y: -5.2001953}
      - {x: 4.614258, y: -4.5410156}
      - {x: 4.8339844, y: -4.0039062}
      - {x: 5.004883, y: -3.6376953}
      - {x: 5.3466797, y: -2.8564453}
      - {x: 5.6396484, y: -1.8310547}
      - {x: 5.883789, y: -1.0742188}
      - {x: 6.0058594, y: -0.48828125}
      - {x: 6.0302734, y: -0.07324219}
      - {x: 6.0546875, y: 0.14648438}
      - {x: 6.0546875, y: 1.2939453}
      - {x: 6.0058594, y: 1.6845703}
      - {x: 5.908203, y: 2.2949219}
      - {x: 6.0791016, y: 2.319336}
      - {x: 6.4697266, y: 2.1972656}
      - {x: 6.7871094, y: 2.0751953}
      - {x: 6.982422, y: 2.0019531}
      - {x: 7.421875, y: 1.8554688}
      - {x: 7.6171875, y: 1.8066406}
      - {x: 7.9345703, y: 1.8066406}
      - {x: 8.154297, y: 1.953125}
      - {x: 8.178711, y: 2.0263672}
      - {x: 8.178711, y: 2.5390625}
      - {x: 8.154297, y: 2.7832031}
      - {x: 8.105469, y: 3.3447266}
      - {x: 8.056641, y: 3.8330078}
      - {x: 7.9833984, y: 4.1748047}
      - {x: 7.739258, y: 4.7851562}
      - {x: 7.397461, y: 5.493164}
      - {x: 7.3242188, y: 5.6152344}
      - {x: 7.1777344, y: 5.834961}
      - {x: 6.4941406, y: 6.5185547}
      - {x: 6.298828, y: 6.689453}
      - {x: 5.908203, y: 6.9335938}
      - {x: 5.444336, y: 7.1533203}
      - {x: 5.2246094, y: 7.2509766}
      - {x: 4.8339844, y: 7.373047}
      - {x: 4.4433594, y: 7.446289}
      - {x: 4.1503906, y: 7.495117}
      - {x: 3.3447266, y: 7.495117}
      - {x: 3.149414, y: 7.470703}
      - {x: 2.319336, y: 7.3242188}
      - {x: 2.1484375, y: 7.2753906}
      - {x: 1.6357422, y: 7.104492}
      - {x: 1.3671875, y: 6.982422}
      - {x: 0.68359375, y: 6.591797}
      - {x: 0.61035156, y: 6.7871094}
      - {x: 0.56152344, y: 7.03125}
      - {x: 0.390625, y: 7.2265625}
      - {x: 0.1953125, y: 7.3242188}
      - {x: 0.024414062, y: 7.3242188}
      - {x: -0.12207031, y: 7.2265625}
      - {x: -0.1953125, y: 7.006836}
      - {x: -0.2685547, y: 6.5185547}
      - {x: -0.36621094, y: 6.3476562}
      - {x: -0.5126953, y: 6.0302734}
      - {x: -0.61035156, y: 5.883789}
      - {x: -1.1474609, y: 5.932617}
      - {x: -1.5869141, y: 5.9570312}
      - {x: -1.953125, y: 5.9570312}
      - {x: -2.368164, y: 5.932617}
      - {x: -3.0761719, y: 5.9814453}
      - {x: -3.7841797, y: 5.9814453}
      - {x: -3.9794922, y: 5.9570312}
      - {x: -4.321289, y: 5.883789}
      - {x: -4.5654297, y: 5.810547}
      - {x: -4.9560547, y: 5.6396484}
      - {x: -5.493164, y: 5.2734375}
      - {x: -6.0546875, y: 4.736328}
      - {x: -6.4453125, y: 4.223633}
      - {x: -6.689453, y: 3.8574219}
      - {x: -7.006836, y: 3.2226562}
      - {x: -7.1777344, y: 2.7832031}
      - {x: -7.2753906, y: 2.4658203}
      - {x: -7.397461, y: 1.9287109}
      - {x: -7.446289, y: 1.6357422}
      - {x: -7.5195312, y: 1.0498047}
      - {x: -7.5195312, y: 0.048828125}
      - {x: -7.495117, y: -0.1953125}
      - {x: -7.446289, y: -0.61035156}
      - {x: -7.373047, y: -1.0498047}
      - {x: -7.2998047, y: -1.3916016}
      - {x: -7.1533203, y: -1.9287109}
      - {x: -7.006836, y: -2.3925781}
      - {x: -6.8847656, y: -2.6855469}
      - {x: -6.7382812, y: -3.0273438}
      - {x: -6.4941406, y: -3.5644531}
      - {x: -6.298828, y: -4.0527344}
      - {x: -5.883789, y: -4.8095703}
      - {x: -5.517578, y: -5.2978516}
      - {x: -5.2246094, y: -5.6396484}
      - {x: -4.7851562, y: -6.0791016}
      - {x: -4.4189453, y: -6.3720703}
      - {x: -4.223633, y: -6.5185547}
      - {x: -3.881836, y: -6.713867}
      - {x: -3.540039, y: -6.8847656}
      - {x: -2.9541016, y: -7.2021484}
      - {x: -2.1728516, y: -7.397461}
      - {x: -1.7822266, y: -7.446289}
      - {x: -0.9765625, y: -7.446289}
      - {x: -0.61035156, y: -7.470703}
      - {x: 0.24414062, y: -7.470703}
      - {x: 0.24414062, y: -7.495117}
      - {x: 0.75683594, y: -7.495117}
      - {x: 1.171875, y: -7.397461}
      - {x: 1.4404297, y: -7.348633}
      - {x: 1.7333984, y: -7.2509766}
    - - {x: 0.12207031, y: 5.859375}
      - {x: 0.12207031, y: 5.9570312}
      - {x: 0.14648438, y: 5.9814453}
      - {x: 0.17089844, y: 6.0791016}
      - {x: 0.24414062, y: 6.1523438}
      - {x: 0.34179688, y: 6.176758}
      - {x: 0.36621094, y: 6.201172}
      - {x: 0.6347656, y: 6.201172}
      - {x: 0.7080078, y: 6.1523438}
      - {x: 0.9277344, y: 5.9570312}
      - {x: 0.95214844, y: 5.859375}
      - {x: 0.9033203, y: 5.834961}
      - {x: 0.7080078, y: 5.834961}
      - {x: 0.68359375, y: 5.810547}
      - {x: 0.17089844, y: 5.810547}
--- !u!50 &1019555793
Rigidbody2D:
  serializedVersion: 4
  m_ObjectHideFlags: 0
  m_CorrespondingSourceObject: {fileID: 0}
  m_PrefabInstance: {fileID: 0}
  m_PrefabAsset: {fileID: 0}
  m_GameObject: {fileID: 1019555791}
  m_BodyType: 2
  m_Simulated: 1
  m_UseFullKinematicContacts: 0
  m_UseAutoMass: 0
  m_Mass: 1
  m_LinearDrag: 0
  m_AngularDrag: 0.05
  m_GravityScale: 1
  m_Material: {fileID: 6200000, guid: 6590db5f97e097140992916c222cdef0, type: 2}
  m_Interpolate: 0
  m_SleepingMode: 1
  m_CollisionDetection: 0
  m_Constraints: 0
--- !u!114 &1019555794
MonoBehaviour:
  m_ObjectHideFlags: 0
  m_CorrespondingSourceObject: {fileID: 0}
  m_PrefabInstance: {fileID: 0}
  m_PrefabAsset: {fileID: 0}
  m_GameObject: {fileID: 1019555791}
  m_Enabled: 1
  m_EditorHideFlags: 0
  m_Script: {fileID: 11500000, guid: 0e8ea07ad73f7504fa068bb8af2f48fc, type: 3}
  m_Name: 
  m_EditorClassIdentifier: 
  cam: {fileID: 963194227}
  cutOffTexture: {fileID: 2800000, guid: 13bb1cf9508196e469c8f58a5bfbd8b0, type: 3}
  indices: 
  vertices: []
--- !u!212 &1019555795
SpriteRenderer:
  m_ObjectHideFlags: 0
  m_CorrespondingSourceObject: {fileID: 0}
  m_PrefabInstance: {fileID: 0}
  m_PrefabAsset: {fileID: 0}
  m_GameObject: {fileID: 1019555791}
  m_Enabled: 1
  m_CastShadows: 0
  m_ReceiveShadows: 0
  m_DynamicOccludee: 1
  m_StaticShadowCaster: 0
  m_MotionVectors: 1
  m_LightProbeUsage: 1
  m_ReflectionProbeUsage: 1
  m_RayTracingMode: 0
  m_RayTraceProcedural: 0
  m_RenderingLayerMask: 1
  m_RendererPriority: 0
  m_Materials:
  - {fileID: 10754, guid: 0000000000000000f000000000000000, type: 0}
  m_StaticBatchInfo:
    firstSubMesh: 0
    subMeshCount: 0
  m_StaticBatchRoot: {fileID: 0}
  m_ProbeAnchor: {fileID: 0}
  m_LightProbeVolumeOverride: {fileID: 0}
  m_ScaleInLightmap: 1
  m_ReceiveGI: 1
  m_PreserveUVs: 0
  m_IgnoreNormalsForChartDetection: 0
  m_ImportantGI: 0
  m_StitchLightmapSeams: 1
  m_SelectedEditorRenderState: 0
  m_MinimumChartSize: 4
  m_AutoUVMaxDistance: 0.5
  m_AutoUVMaxAngle: 89
  m_LightmapParameters: {fileID: 0}
  m_SortingLayerID: 0
  m_SortingLayer: 0
  m_SortingOrder: 0
  m_Sprite: {fileID: 21300000, guid: ae9be92ae6d528f48a40fe0d72c3ac9e, type: 3}
  m_Color: {r: 1, g: 1, b: 1, a: 1}
  m_FlipX: 0
  m_FlipY: 0
  m_DrawMode: 0
  m_Size: {x: 2.9, y: 2.22}
  m_AdaptiveModeThreshold: 0.5
  m_SpriteTileMode: 0
  m_WasSpriteAssigned: 1
  m_MaskInteraction: 0
  m_SpriteSortPoint: 0
--- !u!4 &1019555796
Transform:
  m_ObjectHideFlags: 0
  m_CorrespondingSourceObject: {fileID: 0}
  m_PrefabInstance: {fileID: 0}
  m_PrefabAsset: {fileID: 0}
  m_GameObject: {fileID: 1019555791}
  m_LocalRotation: {x: -0, y: -0, z: -0, w: 1}
  m_LocalPosition: {x: 7.29, y: 0, z: 0}
  m_LocalScale: {x: 0.2, y: 0.2, z: 0.2}
  m_ConstrainProportionsScale: 1
  m_Children: []
  m_Father: {fileID: 2270007}
  m_RootOrder: 2
  m_LocalEulerAnglesHint: {x: 0, y: 0, z: 0}
--- !u!1 &1049895366
GameObject:
  m_ObjectHideFlags: 0
  m_CorrespondingSourceObject: {fileID: 0}
  m_PrefabInstance: {fileID: 0}
  m_PrefabAsset: {fileID: 0}
  serializedVersion: 6
  m_Component:
  - component: {fileID: 1049895371}
  - component: {fileID: 1049895370}
  - component: {fileID: 1049895369}
  - component: {fileID: 1049895368}
  - component: {fileID: 1049895367}
  m_Layer: 0
  m_Name: Sprite (4)
  m_TagString: Untagged
  m_Icon: {fileID: 0}
  m_NavMeshLayer: 0
  m_StaticEditorFlags: 0
  m_IsActive: 1
--- !u!60 &1049895367
PolygonCollider2D:
  m_ObjectHideFlags: 0
  m_CorrespondingSourceObject: {fileID: 0}
  m_PrefabInstance: {fileID: 0}
  m_PrefabAsset: {fileID: 0}
  m_GameObject: {fileID: 1049895366}
  m_Enabled: 1
  m_Density: 1
  m_Material: {fileID: 0}
  m_IsTrigger: 0
  m_UsedByEffector: 0
  m_UsedByComposite: 0
  m_Offset: {x: 0, y: 0}
  m_SpriteTilingProperty:
    border: {x: 0, y: 0, z: 0, w: 0}
    pivot: {x: 0.5, y: 0.5}
    oldSize: {x: 6.79, y: 8.68}
    newSize: {x: 2.9, y: 2.22}
    adaptiveTilingThreshold: 0.5
    drawMode: 0
    adaptiveTiling: 0
  m_AutoTiling: 0
  m_Points:
    m_Paths:
    - - {x: 2.0996094, y: -7.104492}
      - {x: 2.4902344, y: -6.9335938}
      - {x: 2.8320312, y: -6.713867}
      - {x: 3.125, y: -6.4941406}
      - {x: 3.7109375, y: -5.932617}
      - {x: 3.9794922, y: -5.5908203}
      - {x: 4.248047, y: -5.2001953}
      - {x: 4.614258, y: -4.5410156}
      - {x: 4.8339844, y: -4.0039062}
      - {x: 5.004883, y: -3.6376953}
      - {x: 5.3466797, y: -2.8564453}
      - {x: 5.6396484, y: -1.8310547}
      - {x: 5.883789, y: -1.0742188}
      - {x: 6.0058594, y: -0.48828125}
      - {x: 6.0302734, y: -0.07324219}
      - {x: 6.0546875, y: 0.14648438}
      - {x: 6.0546875, y: 1.2939453}
      - {x: 6.0058594, y: 1.6845703}
      - {x: 5.908203, y: 2.2949219}
      - {x: 6.0791016, y: 2.319336}
      - {x: 6.4697266, y: 2.1972656}
      - {x: 6.7871094, y: 2.0751953}
      - {x: 6.982422, y: 2.0019531}
      - {x: 7.421875, y: 1.8554688}
      - {x: 7.6171875, y: 1.8066406}
      - {x: 7.9345703, y: 1.8066406}
      - {x: 8.154297, y: 1.953125}
      - {x: 8.178711, y: 2.0263672}
      - {x: 8.178711, y: 2.5390625}
      - {x: 8.154297, y: 2.7832031}
      - {x: 8.105469, y: 3.3447266}
      - {x: 8.056641, y: 3.8330078}
      - {x: 7.9833984, y: 4.1748047}
      - {x: 7.739258, y: 4.7851562}
      - {x: 7.397461, y: 5.493164}
      - {x: 7.3242188, y: 5.6152344}
      - {x: 7.1777344, y: 5.834961}
      - {x: 6.4941406, y: 6.5185547}
      - {x: 6.298828, y: 6.689453}
      - {x: 5.908203, y: 6.9335938}
      - {x: 5.444336, y: 7.1533203}
      - {x: 5.2246094, y: 7.2509766}
      - {x: 4.8339844, y: 7.373047}
      - {x: 4.4433594, y: 7.446289}
      - {x: 4.1503906, y: 7.495117}
      - {x: 3.3447266, y: 7.495117}
      - {x: 3.149414, y: 7.470703}
      - {x: 2.319336, y: 7.3242188}
      - {x: 2.1484375, y: 7.2753906}
      - {x: 1.6357422, y: 7.104492}
      - {x: 1.3671875, y: 6.982422}
      - {x: 0.68359375, y: 6.591797}
      - {x: 0.61035156, y: 6.7871094}
      - {x: 0.56152344, y: 7.03125}
      - {x: 0.390625, y: 7.2265625}
      - {x: 0.1953125, y: 7.3242188}
      - {x: 0.024414062, y: 7.3242188}
      - {x: -0.12207031, y: 7.2265625}
      - {x: -0.1953125, y: 7.006836}
      - {x: -0.2685547, y: 6.5185547}
      - {x: -0.36621094, y: 6.3476562}
      - {x: -0.5126953, y: 6.0302734}
      - {x: -0.61035156, y: 5.883789}
      - {x: -1.1474609, y: 5.932617}
      - {x: -1.5869141, y: 5.9570312}
      - {x: -1.953125, y: 5.9570312}
      - {x: -2.368164, y: 5.932617}
      - {x: -3.0761719, y: 5.9814453}
      - {x: -3.7841797, y: 5.9814453}
      - {x: -3.9794922, y: 5.9570312}
      - {x: -4.321289, y: 5.883789}
      - {x: -4.5654297, y: 5.810547}
      - {x: -4.9560547, y: 5.6396484}
      - {x: -5.493164, y: 5.2734375}
      - {x: -6.0546875, y: 4.736328}
      - {x: -6.4453125, y: 4.223633}
      - {x: -6.689453, y: 3.8574219}
      - {x: -7.006836, y: 3.2226562}
      - {x: -7.1777344, y: 2.7832031}
      - {x: -7.2753906, y: 2.4658203}
      - {x: -7.397461, y: 1.9287109}
      - {x: -7.446289, y: 1.6357422}
      - {x: -7.5195312, y: 1.0498047}
      - {x: -7.5195312, y: 0.048828125}
      - {x: -7.495117, y: -0.1953125}
      - {x: -7.446289, y: -0.61035156}
      - {x: -7.373047, y: -1.0498047}
      - {x: -7.2998047, y: -1.3916016}
      - {x: -7.1533203, y: -1.9287109}
      - {x: -7.006836, y: -2.3925781}
      - {x: -6.8847656, y: -2.6855469}
      - {x: -6.7382812, y: -3.0273438}
      - {x: -6.4941406, y: -3.5644531}
      - {x: -6.298828, y: -4.0527344}
      - {x: -5.883789, y: -4.8095703}
      - {x: -5.517578, y: -5.2978516}
      - {x: -5.2246094, y: -5.6396484}
      - {x: -4.7851562, y: -6.0791016}
      - {x: -4.4189453, y: -6.3720703}
      - {x: -4.223633, y: -6.5185547}
      - {x: -3.881836, y: -6.713867}
      - {x: -3.540039, y: -6.8847656}
      - {x: -2.9541016, y: -7.2021484}
      - {x: -2.1728516, y: -7.397461}
      - {x: -1.7822266, y: -7.446289}
      - {x: -0.9765625, y: -7.446289}
      - {x: -0.61035156, y: -7.470703}
      - {x: 0.24414062, y: -7.470703}
      - {x: 0.24414062, y: -7.495117}
      - {x: 0.75683594, y: -7.495117}
      - {x: 1.171875, y: -7.397461}
      - {x: 1.4404297, y: -7.348633}
      - {x: 1.7333984, y: -7.2509766}
    - - {x: 0.12207031, y: 5.859375}
      - {x: 0.12207031, y: 5.9570312}
      - {x: 0.14648438, y: 5.9814453}
      - {x: 0.17089844, y: 6.0791016}
      - {x: 0.24414062, y: 6.1523438}
      - {x: 0.34179688, y: 6.176758}
      - {x: 0.36621094, y: 6.201172}
      - {x: 0.6347656, y: 6.201172}
      - {x: 0.7080078, y: 6.1523438}
      - {x: 0.9277344, y: 5.9570312}
      - {x: 0.95214844, y: 5.859375}
      - {x: 0.9033203, y: 5.834961}
      - {x: 0.7080078, y: 5.834961}
      - {x: 0.68359375, y: 5.810547}
      - {x: 0.17089844, y: 5.810547}
--- !u!50 &1049895368
Rigidbody2D:
  serializedVersion: 4
  m_ObjectHideFlags: 0
  m_CorrespondingSourceObject: {fileID: 0}
  m_PrefabInstance: {fileID: 0}
  m_PrefabAsset: {fileID: 0}
  m_GameObject: {fileID: 1049895366}
  m_BodyType: 2
  m_Simulated: 1
  m_UseFullKinematicContacts: 0
  m_UseAutoMass: 0
  m_Mass: 1
  m_LinearDrag: 0
  m_AngularDrag: 0.05
  m_GravityScale: 1
  m_Material: {fileID: 6200000, guid: 6590db5f97e097140992916c222cdef0, type: 2}
  m_Interpolate: 0
  m_SleepingMode: 1
  m_CollisionDetection: 0
  m_Constraints: 0
--- !u!114 &1049895369
MonoBehaviour:
  m_ObjectHideFlags: 0
  m_CorrespondingSourceObject: {fileID: 0}
  m_PrefabInstance: {fileID: 0}
  m_PrefabAsset: {fileID: 0}
  m_GameObject: {fileID: 1049895366}
  m_Enabled: 1
  m_EditorHideFlags: 0
  m_Script: {fileID: 11500000, guid: 0e8ea07ad73f7504fa068bb8af2f48fc, type: 3}
  m_Name: 
  m_EditorClassIdentifier: 
  cam: {fileID: 963194227}
  cutOffTexture: {fileID: 2800000, guid: 13bb1cf9508196e469c8f58a5bfbd8b0, type: 3}
  indices: 
  vertices: []
--- !u!212 &1049895370
SpriteRenderer:
  m_ObjectHideFlags: 0
  m_CorrespondingSourceObject: {fileID: 0}
  m_PrefabInstance: {fileID: 0}
  m_PrefabAsset: {fileID: 0}
  m_GameObject: {fileID: 1049895366}
  m_Enabled: 1
  m_CastShadows: 0
  m_ReceiveShadows: 0
  m_DynamicOccludee: 1
  m_StaticShadowCaster: 0
  m_MotionVectors: 1
  m_LightProbeUsage: 1
  m_ReflectionProbeUsage: 1
  m_RayTracingMode: 0
  m_RayTraceProcedural: 0
  m_RenderingLayerMask: 1
  m_RendererPriority: 0
  m_Materials:
  - {fileID: 10754, guid: 0000000000000000f000000000000000, type: 0}
  m_StaticBatchInfo:
    firstSubMesh: 0
    subMeshCount: 0
  m_StaticBatchRoot: {fileID: 0}
  m_ProbeAnchor: {fileID: 0}
  m_LightProbeVolumeOverride: {fileID: 0}
  m_ScaleInLightmap: 1
  m_ReceiveGI: 1
  m_PreserveUVs: 0
  m_IgnoreNormalsForChartDetection: 0
  m_ImportantGI: 0
  m_StitchLightmapSeams: 1
  m_SelectedEditorRenderState: 0
  m_MinimumChartSize: 4
  m_AutoUVMaxDistance: 0.5
  m_AutoUVMaxAngle: 89
  m_LightmapParameters: {fileID: 0}
  m_SortingLayerID: 0
  m_SortingLayer: 0
  m_SortingOrder: 0
  m_Sprite: {fileID: 21300000, guid: 03b3c81047c00504bb48e670b70eacd0, type: 3}
  m_Color: {r: 1, g: 1, b: 1, a: 1}
  m_FlipX: 0
  m_FlipY: 0
  m_DrawMode: 0
  m_Size: {x: 2.9, y: 2.22}
  m_AdaptiveModeThreshold: 0.5
  m_SpriteTileMode: 0
  m_WasSpriteAssigned: 1
  m_MaskInteraction: 0
  m_SpriteSortPoint: 0
--- !u!4 &1049895371
Transform:
  m_ObjectHideFlags: 0
  m_CorrespondingSourceObject: {fileID: 0}
  m_PrefabInstance: {fileID: 0}
  m_PrefabAsset: {fileID: 0}
  m_GameObject: {fileID: 1049895366}
  m_LocalRotation: {x: -0, y: -0, z: -0, w: 1}
  m_LocalPosition: {x: 9.79, y: 0, z: 0}
  m_LocalScale: {x: 0.2, y: 0.2, z: 0.2}
  m_ConstrainProportionsScale: 1
  m_Children: []
  m_Father: {fileID: 2270007}
  m_RootOrder: 3
  m_LocalEulerAnglesHint: {x: 0, y: 0, z: 0}
--- !u!1 &1101858638
GameObject:
  m_ObjectHideFlags: 0
  m_CorrespondingSourceObject: {fileID: 0}
  m_PrefabInstance: {fileID: 0}
  m_PrefabAsset: {fileID: 0}
  serializedVersion: 6
  m_Component:
  - component: {fileID: 1101858643}
  - component: {fileID: 1101858642}
  - component: {fileID: 1101858641}
  - component: {fileID: 1101858640}
  - component: {fileID: 1101858639}
  m_Layer: 0
  m_Name: Sprite (2)
  m_TagString: Untagged
  m_Icon: {fileID: 0}
  m_NavMeshLayer: 0
  m_StaticEditorFlags: 0
  m_IsActive: 1
--- !u!60 &1101858639
PolygonCollider2D:
  m_ObjectHideFlags: 0
  m_CorrespondingSourceObject: {fileID: 0}
  m_PrefabInstance: {fileID: 0}
  m_PrefabAsset: {fileID: 0}
  m_GameObject: {fileID: 1101858638}
  m_Enabled: 1
  m_Density: 1
  m_Material: {fileID: 0}
  m_IsTrigger: 0
  m_UsedByEffector: 0
  m_UsedByComposite: 0
  m_Offset: {x: 0, y: 0}
  m_SpriteTilingProperty:
    border: {x: 0, y: 0, z: 0, w: 0}
    pivot: {x: 0.5, y: 0.5}
    oldSize: {x: 9.13, y: 6.11}
    newSize: {x: 2.9, y: 2.22}
    adaptiveTilingThreshold: 0.5
    drawMode: 0
    adaptiveTiling: 0
  m_AutoTiling: 0
  m_Points:
    m_Paths:
    - - {x: 2.0996094, y: -7.104492}
      - {x: 2.4902344, y: -6.9335938}
      - {x: 2.8320312, y: -6.713867}
      - {x: 3.125, y: -6.4941406}
      - {x: 3.7109375, y: -5.932617}
      - {x: 3.9794922, y: -5.5908203}
      - {x: 4.248047, y: -5.2001953}
      - {x: 4.614258, y: -4.5410156}
      - {x: 4.8339844, y: -4.0039062}
      - {x: 5.004883, y: -3.6376953}
      - {x: 5.3466797, y: -2.8564453}
      - {x: 5.6396484, y: -1.8310547}
      - {x: 5.883789, y: -1.0742188}
      - {x: 6.0058594, y: -0.48828125}
      - {x: 6.0302734, y: -0.07324219}
      - {x: 6.0546875, y: 0.14648438}
      - {x: 6.0546875, y: 1.2939453}
      - {x: 6.0058594, y: 1.6845703}
      - {x: 5.908203, y: 2.2949219}
      - {x: 6.0791016, y: 2.319336}
      - {x: 6.4697266, y: 2.1972656}
      - {x: 6.7871094, y: 2.0751953}
      - {x: 6.982422, y: 2.0019531}
      - {x: 7.421875, y: 1.8554688}
      - {x: 7.6171875, y: 1.8066406}
      - {x: 7.9345703, y: 1.8066406}
      - {x: 8.154297, y: 1.953125}
      - {x: 8.178711, y: 2.0263672}
      - {x: 8.178711, y: 2.5390625}
      - {x: 8.154297, y: 2.7832031}
      - {x: 8.105469, y: 3.3447266}
      - {x: 8.056641, y: 3.8330078}
      - {x: 7.9833984, y: 4.1748047}
      - {x: 7.739258, y: 4.7851562}
      - {x: 7.397461, y: 5.493164}
      - {x: 7.3242188, y: 5.6152344}
      - {x: 7.1777344, y: 5.834961}
      - {x: 6.4941406, y: 6.5185547}
      - {x: 6.298828, y: 6.689453}
      - {x: 5.908203, y: 6.9335938}
      - {x: 5.444336, y: 7.1533203}
      - {x: 5.2246094, y: 7.2509766}
      - {x: 4.8339844, y: 7.373047}
      - {x: 4.4433594, y: 7.446289}
      - {x: 4.1503906, y: 7.495117}
      - {x: 3.3447266, y: 7.495117}
      - {x: 3.149414, y: 7.470703}
      - {x: 2.319336, y: 7.3242188}
      - {x: 2.1484375, y: 7.2753906}
      - {x: 1.6357422, y: 7.104492}
      - {x: 1.3671875, y: 6.982422}
      - {x: 0.68359375, y: 6.591797}
      - {x: 0.61035156, y: 6.7871094}
      - {x: 0.56152344, y: 7.03125}
      - {x: 0.390625, y: 7.2265625}
      - {x: 0.1953125, y: 7.3242188}
      - {x: 0.024414062, y: 7.3242188}
      - {x: -0.12207031, y: 7.2265625}
      - {x: -0.1953125, y: 7.006836}
      - {x: -0.2685547, y: 6.5185547}
      - {x: -0.36621094, y: 6.3476562}
      - {x: -0.5126953, y: 6.0302734}
      - {x: -0.61035156, y: 5.883789}
      - {x: -1.1474609, y: 5.932617}
      - {x: -1.5869141, y: 5.9570312}
      - {x: -1.953125, y: 5.9570312}
      - {x: -2.368164, y: 5.932617}
      - {x: -3.0761719, y: 5.9814453}
      - {x: -3.7841797, y: 5.9814453}
      - {x: -3.9794922, y: 5.9570312}
      - {x: -4.321289, y: 5.883789}
      - {x: -4.5654297, y: 5.810547}
      - {x: -4.9560547, y: 5.6396484}
      - {x: -5.493164, y: 5.2734375}
      - {x: -6.0546875, y: 4.736328}
      - {x: -6.4453125, y: 4.223633}
      - {x: -6.689453, y: 3.8574219}
      - {x: -7.006836, y: 3.2226562}
      - {x: -7.1777344, y: 2.7832031}
      - {x: -7.2753906, y: 2.4658203}
      - {x: -7.397461, y: 1.9287109}
      - {x: -7.446289, y: 1.6357422}
      - {x: -7.5195312, y: 1.0498047}
      - {x: -7.5195312, y: 0.048828125}
      - {x: -7.495117, y: -0.1953125}
      - {x: -7.446289, y: -0.61035156}
      - {x: -7.373047, y: -1.0498047}
      - {x: -7.2998047, y: -1.3916016}
      - {x: -7.1533203, y: -1.9287109}
      - {x: -7.006836, y: -2.3925781}
      - {x: -6.8847656, y: -2.6855469}
      - {x: -6.7382812, y: -3.0273438}
      - {x: -6.4941406, y: -3.5644531}
      - {x: -6.298828, y: -4.0527344}
      - {x: -5.883789, y: -4.8095703}
      - {x: -5.517578, y: -5.2978516}
      - {x: -5.2246094, y: -5.6396484}
      - {x: -4.7851562, y: -6.0791016}
      - {x: -4.4189453, y: -6.3720703}
      - {x: -4.223633, y: -6.5185547}
      - {x: -3.881836, y: -6.713867}
      - {x: -3.540039, y: -6.8847656}
      - {x: -2.9541016, y: -7.2021484}
      - {x: -2.1728516, y: -7.397461}
      - {x: -1.7822266, y: -7.446289}
      - {x: -0.9765625, y: -7.446289}
      - {x: -0.61035156, y: -7.470703}
      - {x: 0.24414062, y: -7.470703}
      - {x: 0.24414062, y: -7.495117}
      - {x: 0.75683594, y: -7.495117}
      - {x: 1.171875, y: -7.397461}
      - {x: 1.4404297, y: -7.348633}
      - {x: 1.7333984, y: -7.2509766}
    - - {x: 0.12207031, y: 5.859375}
      - {x: 0.12207031, y: 5.9570312}
      - {x: 0.14648438, y: 5.9814453}
      - {x: 0.17089844, y: 6.0791016}
      - {x: 0.24414062, y: 6.1523438}
      - {x: 0.34179688, y: 6.176758}
      - {x: 0.36621094, y: 6.201172}
      - {x: 0.6347656, y: 6.201172}
      - {x: 0.7080078, y: 6.1523438}
      - {x: 0.9277344, y: 5.9570312}
      - {x: 0.95214844, y: 5.859375}
      - {x: 0.9033203, y: 5.834961}
      - {x: 0.7080078, y: 5.834961}
      - {x: 0.68359375, y: 5.810547}
      - {x: 0.17089844, y: 5.810547}
--- !u!50 &1101858640
Rigidbody2D:
  serializedVersion: 4
  m_ObjectHideFlags: 0
  m_CorrespondingSourceObject: {fileID: 0}
  m_PrefabInstance: {fileID: 0}
  m_PrefabAsset: {fileID: 0}
  m_GameObject: {fileID: 1101858638}
  m_BodyType: 2
  m_Simulated: 1
  m_UseFullKinematicContacts: 0
  m_UseAutoMass: 0
  m_Mass: 1
  m_LinearDrag: 0
  m_AngularDrag: 0.05
  m_GravityScale: 1
  m_Material: {fileID: 6200000, guid: 6590db5f97e097140992916c222cdef0, type: 2}
  m_Interpolate: 0
  m_SleepingMode: 1
  m_CollisionDetection: 0
  m_Constraints: 0
--- !u!114 &1101858641
MonoBehaviour:
  m_ObjectHideFlags: 0
  m_CorrespondingSourceObject: {fileID: 0}
  m_PrefabInstance: {fileID: 0}
  m_PrefabAsset: {fileID: 0}
  m_GameObject: {fileID: 1101858638}
  m_Enabled: 1
  m_EditorHideFlags: 0
  m_Script: {fileID: 11500000, guid: 0e8ea07ad73f7504fa068bb8af2f48fc, type: 3}
  m_Name: 
  m_EditorClassIdentifier: 
  cam: {fileID: 963194227}
  cutOffTexture: {fileID: 2800000, guid: 13bb1cf9508196e469c8f58a5bfbd8b0, type: 3}
  indices: 
  vertices: []
--- !u!212 &1101858642
SpriteRenderer:
  m_ObjectHideFlags: 0
  m_CorrespondingSourceObject: {fileID: 0}
  m_PrefabInstance: {fileID: 0}
  m_PrefabAsset: {fileID: 0}
  m_GameObject: {fileID: 1101858638}
  m_Enabled: 1
  m_CastShadows: 0
  m_ReceiveShadows: 0
  m_DynamicOccludee: 1
  m_StaticShadowCaster: 0
  m_MotionVectors: 1
  m_LightProbeUsage: 1
  m_ReflectionProbeUsage: 1
  m_RayTracingMode: 0
  m_RayTraceProcedural: 0
  m_RenderingLayerMask: 1
  m_RendererPriority: 0
  m_Materials:
  - {fileID: 10754, guid: 0000000000000000f000000000000000, type: 0}
  m_StaticBatchInfo:
    firstSubMesh: 0
    subMeshCount: 0
  m_StaticBatchRoot: {fileID: 0}
  m_ProbeAnchor: {fileID: 0}
  m_LightProbeVolumeOverride: {fileID: 0}
  m_ScaleInLightmap: 1
  m_ReceiveGI: 1
  m_PreserveUVs: 0
  m_IgnoreNormalsForChartDetection: 0
  m_ImportantGI: 0
  m_StitchLightmapSeams: 1
  m_SelectedEditorRenderState: 0
  m_MinimumChartSize: 4
  m_AutoUVMaxDistance: 0.5
  m_AutoUVMaxAngle: 89
  m_LightmapParameters: {fileID: 0}
  m_SortingLayerID: 0
  m_SortingLayer: 0
  m_SortingOrder: 0
  m_Sprite: {fileID: 21300000, guid: cd0018fdebd6191449f4c5f0a081eba6, type: 3}
  m_Color: {r: 1, g: 1, b: 1, a: 1}
  m_FlipX: 0
  m_FlipY: 0
  m_DrawMode: 0
  m_Size: {x: 2.9, y: 2.22}
  m_AdaptiveModeThreshold: 0.5
  m_SpriteTileMode: 0
  m_WasSpriteAssigned: 1
  m_MaskInteraction: 0
  m_SpriteSortPoint: 0
--- !u!4 &1101858643
Transform:
  m_ObjectHideFlags: 0
  m_CorrespondingSourceObject: {fileID: 0}
  m_PrefabInstance: {fileID: 0}
  m_PrefabAsset: {fileID: 0}
  m_GameObject: {fileID: 1101858638}
  m_LocalRotation: {x: -0, y: -0, z: -0, w: 1}
  m_LocalPosition: {x: 4.9500003, y: 0, z: 0}
  m_LocalScale: {x: 0.2, y: 0.2, z: 0.2}
  m_ConstrainProportionsScale: 1
  m_Children: []
  m_Father: {fileID: 2270007}
  m_RootOrder: 1
  m_LocalEulerAnglesHint: {x: 0, y: 0, z: 0}
--- !u!1 &1174598823
GameObject:
  m_ObjectHideFlags: 0
  m_CorrespondingSourceObject: {fileID: 0}
  m_PrefabInstance: {fileID: 0}
  m_PrefabAsset: {fileID: 0}
  serializedVersion: 6
  m_Component:
  - component: {fileID: 1174598825}
  - component: {fileID: 1174598824}
  m_Layer: 0
  m_Name: Background
  m_TagString: Untagged
  m_Icon: {fileID: 0}
  m_NavMeshLayer: 0
  m_StaticEditorFlags: 0
  m_IsActive: 1
--- !u!212 &1174598824
SpriteRenderer:
  m_ObjectHideFlags: 0
  m_CorrespondingSourceObject: {fileID: 0}
  m_PrefabInstance: {fileID: 0}
  m_PrefabAsset: {fileID: 0}
  m_GameObject: {fileID: 1174598823}
  m_Enabled: 1
  m_CastShadows: 0
  m_ReceiveShadows: 0
  m_DynamicOccludee: 1
  m_StaticShadowCaster: 0
  m_MotionVectors: 1
  m_LightProbeUsage: 1
  m_ReflectionProbeUsage: 1
  m_RayTracingMode: 0
  m_RayTraceProcedural: 0
  m_RenderingLayerMask: 1
  m_RendererPriority: 0
  m_Materials:
  - {fileID: 10754, guid: 0000000000000000f000000000000000, type: 0}
  m_StaticBatchInfo:
    firstSubMesh: 0
    subMeshCount: 0
  m_StaticBatchRoot: {fileID: 0}
  m_ProbeAnchor: {fileID: 0}
  m_LightProbeVolumeOverride: {fileID: 0}
  m_ScaleInLightmap: 1
  m_ReceiveGI: 1
  m_PreserveUVs: 0
  m_IgnoreNormalsForChartDetection: 0
  m_ImportantGI: 0
  m_StitchLightmapSeams: 1
  m_SelectedEditorRenderState: 0
  m_MinimumChartSize: 4
  m_AutoUVMaxDistance: 0.5
  m_AutoUVMaxAngle: 89
  m_LightmapParameters: {fileID: 0}
  m_SortingLayerID: 0
  m_SortingLayer: 0
  m_SortingOrder: 0
  m_Sprite: {fileID: 21300000, guid: 3b16be9311d7c4f4684c89e934db843c, type: 3}
  m_Color: {r: 1, g: 1, b: 1, a: 1}
  m_FlipX: 0
  m_FlipY: 0
  m_DrawMode: 0
  m_Size: {x: 5.64, y: 4.84}
  m_AdaptiveModeThreshold: 0.5
  m_SpriteTileMode: 0
  m_WasSpriteAssigned: 1
  m_MaskInteraction: 0
  m_SpriteSortPoint: 0
--- !u!4 &1174598825
Transform:
  m_ObjectHideFlags: 0
  m_CorrespondingSourceObject: {fileID: 0}
  m_PrefabInstance: {fileID: 0}
  m_PrefabAsset: {fileID: 0}
  m_GameObject: {fileID: 1174598823}
  m_LocalRotation: {x: -0, y: -0, z: -0, w: 1}
  m_LocalPosition: {x: -1.9818422, y: 4.9169216, z: -3.7963672}
  m_LocalScale: {x: 3.5633, y: 3.5633, z: 3.5633}
  m_ConstrainProportionsScale: 0
  m_Children: []
  m_Father: {fileID: 808152068}
  m_RootOrder: 0
  m_LocalEulerAnglesHint: {x: 0, y: 0, z: 0}
--- !u!1 &1485091379
GameObject:
  m_ObjectHideFlags: 0
  m_CorrespondingSourceObject: {fileID: 0}
  m_PrefabInstance: {fileID: 0}
  m_PrefabAsset: {fileID: 0}
  serializedVersion: 6
  m_Component:
  - component: {fileID: 1485091384}
  - component: {fileID: 1485091383}
  - component: {fileID: 1485091382}
  - component: {fileID: 1485091381}
  - component: {fileID: 1485091380}
  m_Layer: 0
  m_Name: Sprite (6)
  m_TagString: Untagged
  m_Icon: {fileID: 0}
  m_NavMeshLayer: 0
  m_StaticEditorFlags: 0
  m_IsActive: 1
--- !u!60 &1485091380
PolygonCollider2D:
  m_ObjectHideFlags: 0
  m_CorrespondingSourceObject: {fileID: 0}
  m_PrefabInstance: {fileID: 0}
  m_PrefabAsset: {fileID: 0}
  m_GameObject: {fileID: 1485091379}
  m_Enabled: 1
  m_Density: 1
  m_Material: {fileID: 0}
  m_IsTrigger: 0
  m_UsedByEffector: 0
  m_UsedByComposite: 0
  m_Offset: {x: 0, y: 0}
  m_SpriteTilingProperty:
    border: {x: 0, y: 0, z: 0, w: 0}
    pivot: {x: 0.5, y: 0.5}
    oldSize: {x: 8.88, y: 9.61}
    newSize: {x: 2.9, y: 2.22}
    adaptiveTilingThreshold: 0.5
    drawMode: 0
    adaptiveTiling: 0
  m_AutoTiling: 0
  m_Points:
    m_Paths:
    - - {x: 2.0996094, y: -7.104492}
      - {x: 2.4902344, y: -6.9335938}
      - {x: 2.8320312, y: -6.713867}
      - {x: 3.125, y: -6.4941406}
      - {x: 3.7109375, y: -5.932617}
      - {x: 3.9794922, y: -5.5908203}
      - {x: 4.248047, y: -5.2001953}
      - {x: 4.614258, y: -4.5410156}
      - {x: 4.8339844, y: -4.0039062}
      - {x: 5.004883, y: -3.6376953}
      - {x: 5.3466797, y: -2.8564453}
      - {x: 5.6396484, y: -1.8310547}
      - {x: 5.883789, y: -1.0742188}
      - {x: 6.0058594, y: -0.48828125}
      - {x: 6.0302734, y: -0.07324219}
      - {x: 6.0546875, y: 0.14648438}
      - {x: 6.0546875, y: 1.2939453}
      - {x: 6.0058594, y: 1.6845703}
      - {x: 5.908203, y: 2.2949219}
      - {x: 6.0791016, y: 2.319336}
      - {x: 6.4697266, y: 2.1972656}
      - {x: 6.7871094, y: 2.0751953}
      - {x: 6.982422, y: 2.0019531}
      - {x: 7.421875, y: 1.8554688}
      - {x: 7.6171875, y: 1.8066406}
      - {x: 7.9345703, y: 1.8066406}
      - {x: 8.154297, y: 1.953125}
      - {x: 8.178711, y: 2.0263672}
      - {x: 8.178711, y: 2.5390625}
      - {x: 8.154297, y: 2.7832031}
      - {x: 8.105469, y: 3.3447266}
      - {x: 8.056641, y: 3.8330078}
      - {x: 7.9833984, y: 4.1748047}
      - {x: 7.739258, y: 4.7851562}
      - {x: 7.397461, y: 5.493164}
      - {x: 7.3242188, y: 5.6152344}
      - {x: 7.1777344, y: 5.834961}
      - {x: 6.4941406, y: 6.5185547}
      - {x: 6.298828, y: 6.689453}
      - {x: 5.908203, y: 6.9335938}
      - {x: 5.444336, y: 7.1533203}
      - {x: 5.2246094, y: 7.2509766}
      - {x: 4.8339844, y: 7.373047}
      - {x: 4.4433594, y: 7.446289}
      - {x: 4.1503906, y: 7.495117}
      - {x: 3.3447266, y: 7.495117}
      - {x: 3.149414, y: 7.470703}
      - {x: 2.319336, y: 7.3242188}
      - {x: 2.1484375, y: 7.2753906}
      - {x: 1.6357422, y: 7.104492}
      - {x: 1.3671875, y: 6.982422}
      - {x: 0.68359375, y: 6.591797}
      - {x: 0.61035156, y: 6.7871094}
      - {x: 0.56152344, y: 7.03125}
      - {x: 0.390625, y: 7.2265625}
      - {x: 0.1953125, y: 7.3242188}
      - {x: 0.024414062, y: 7.3242188}
      - {x: -0.12207031, y: 7.2265625}
      - {x: -0.1953125, y: 7.006836}
      - {x: -0.2685547, y: 6.5185547}
      - {x: -0.36621094, y: 6.3476562}
      - {x: -0.5126953, y: 6.0302734}
      - {x: -0.61035156, y: 5.883789}
      - {x: -1.1474609, y: 5.932617}
      - {x: -1.5869141, y: 5.9570312}
      - {x: -1.953125, y: 5.9570312}
      - {x: -2.368164, y: 5.932617}
      - {x: -3.0761719, y: 5.9814453}
      - {x: -3.7841797, y: 5.9814453}
      - {x: -3.9794922, y: 5.9570312}
      - {x: -4.321289, y: 5.883789}
      - {x: -4.5654297, y: 5.810547}
      - {x: -4.9560547, y: 5.6396484}
      - {x: -5.493164, y: 5.2734375}
      - {x: -6.0546875, y: 4.736328}
      - {x: -6.4453125, y: 4.223633}
      - {x: -6.689453, y: 3.8574219}
      - {x: -7.006836, y: 3.2226562}
      - {x: -7.1777344, y: 2.7832031}
      - {x: -7.2753906, y: 2.4658203}
      - {x: -7.397461, y: 1.9287109}
      - {x: -7.446289, y: 1.6357422}
      - {x: -7.5195312, y: 1.0498047}
      - {x: -7.5195312, y: 0.048828125}
      - {x: -7.495117, y: -0.1953125}
      - {x: -7.446289, y: -0.61035156}
      - {x: -7.373047, y: -1.0498047}
      - {x: -7.2998047, y: -1.3916016}
      - {x: -7.1533203, y: -1.9287109}
      - {x: -7.006836, y: -2.3925781}
      - {x: -6.8847656, y: -2.6855469}
      - {x: -6.7382812, y: -3.0273438}
      - {x: -6.4941406, y: -3.5644531}
      - {x: -6.298828, y: -4.0527344}
      - {x: -5.883789, y: -4.8095703}
      - {x: -5.517578, y: -5.2978516}
      - {x: -5.2246094, y: -5.6396484}
      - {x: -4.7851562, y: -6.0791016}
      - {x: -4.4189453, y: -6.3720703}
      - {x: -4.223633, y: -6.5185547}
      - {x: -3.881836, y: -6.713867}
      - {x: -3.540039, y: -6.8847656}
      - {x: -2.9541016, y: -7.2021484}
      - {x: -2.1728516, y: -7.397461}
      - {x: -1.7822266, y: -7.446289}
      - {x: -0.9765625, y: -7.446289}
      - {x: -0.61035156, y: -7.470703}
      - {x: 0.24414062, y: -7.470703}
      - {x: 0.24414062, y: -7.495117}
      - {x: 0.75683594, y: -7.495117}
      - {x: 1.171875, y: -7.397461}
      - {x: 1.4404297, y: -7.348633}
      - {x: 1.7333984, y: -7.2509766}
    - - {x: 0.12207031, y: 5.859375}
      - {x: 0.12207031, y: 5.9570312}
      - {x: 0.14648438, y: 5.9814453}
      - {x: 0.17089844, y: 6.0791016}
      - {x: 0.24414062, y: 6.1523438}
      - {x: 0.34179688, y: 6.176758}
      - {x: 0.36621094, y: 6.201172}
      - {x: 0.6347656, y: 6.201172}
      - {x: 0.7080078, y: 6.1523438}
      - {x: 0.9277344, y: 5.9570312}
      - {x: 0.95214844, y: 5.859375}
      - {x: 0.9033203, y: 5.834961}
      - {x: 0.7080078, y: 5.834961}
      - {x: 0.68359375, y: 5.810547}
      - {x: 0.17089844, y: 5.810547}
--- !u!50 &1485091381
Rigidbody2D:
  serializedVersion: 4
  m_ObjectHideFlags: 0
  m_CorrespondingSourceObject: {fileID: 0}
  m_PrefabInstance: {fileID: 0}
  m_PrefabAsset: {fileID: 0}
  m_GameObject: {fileID: 1485091379}
  m_BodyType: 2
  m_Simulated: 1
  m_UseFullKinematicContacts: 0
  m_UseAutoMass: 0
  m_Mass: 1
  m_LinearDrag: 0
  m_AngularDrag: 0.05
  m_GravityScale: 1
  m_Material: {fileID: 6200000, guid: 6590db5f97e097140992916c222cdef0, type: 2}
  m_Interpolate: 0
  m_SleepingMode: 1
  m_CollisionDetection: 0
  m_Constraints: 0
--- !u!114 &1485091382
MonoBehaviour:
  m_ObjectHideFlags: 0
  m_CorrespondingSourceObject: {fileID: 0}
  m_PrefabInstance: {fileID: 0}
  m_PrefabAsset: {fileID: 0}
  m_GameObject: {fileID: 1485091379}
  m_Enabled: 1
  m_EditorHideFlags: 0
  m_Script: {fileID: 11500000, guid: 0e8ea07ad73f7504fa068bb8af2f48fc, type: 3}
  m_Name: 
  m_EditorClassIdentifier: 
  cam: {fileID: 963194227}
  cutOffTexture: {fileID: 2800000, guid: 13bb1cf9508196e469c8f58a5bfbd8b0, type: 3}
  indices: 
  vertices: []
--- !u!212 &1485091383
SpriteRenderer:
  m_ObjectHideFlags: 0
  m_CorrespondingSourceObject: {fileID: 0}
  m_PrefabInstance: {fileID: 0}
  m_PrefabAsset: {fileID: 0}
  m_GameObject: {fileID: 1485091379}
  m_Enabled: 1
  m_CastShadows: 0
  m_ReceiveShadows: 0
  m_DynamicOccludee: 1
  m_StaticShadowCaster: 0
  m_MotionVectors: 1
  m_LightProbeUsage: 1
  m_ReflectionProbeUsage: 1
  m_RayTracingMode: 0
  m_RayTraceProcedural: 0
  m_RenderingLayerMask: 1
  m_RendererPriority: 0
  m_Materials:
  - {fileID: 10754, guid: 0000000000000000f000000000000000, type: 0}
  m_StaticBatchInfo:
    firstSubMesh: 0
    subMeshCount: 0
  m_StaticBatchRoot: {fileID: 0}
  m_ProbeAnchor: {fileID: 0}
  m_LightProbeVolumeOverride: {fileID: 0}
  m_ScaleInLightmap: 1
  m_ReceiveGI: 1
  m_PreserveUVs: 0
  m_IgnoreNormalsForChartDetection: 0
  m_ImportantGI: 0
  m_StitchLightmapSeams: 1
  m_SelectedEditorRenderState: 0
  m_MinimumChartSize: 4
  m_AutoUVMaxDistance: 0.5
  m_AutoUVMaxAngle: 89
  m_LightmapParameters: {fileID: 0}
  m_SortingLayerID: 0
  m_SortingLayer: 0
  m_SortingOrder: 0
  m_Sprite: {fileID: 21300000, guid: 50311c8062b16dd42bfe185e6c7aa7f9, type: 3}
  m_Color: {r: 1, g: 1, b: 1, a: 1}
  m_FlipX: 0
  m_FlipY: 0
  m_DrawMode: 0
  m_Size: {x: 2.9, y: 2.22}
  m_AdaptiveModeThreshold: 0.5
  m_SpriteTileMode: 0
  m_WasSpriteAssigned: 1
  m_MaskInteraction: 0
  m_SpriteSortPoint: 0
--- !u!4 &1485091384
Transform:
  m_ObjectHideFlags: 0
  m_CorrespondingSourceObject: {fileID: 0}
  m_PrefabInstance: {fileID: 0}
  m_PrefabAsset: {fileID: 0}
  m_GameObject: {fileID: 1485091379}
  m_LocalRotation: {x: -0, y: -0, z: -0, w: 1}
  m_LocalPosition: {x: 0, y: 0, z: 0}
  m_LocalScale: {x: 0.2, y: 0.2, z: 0.2}
  m_ConstrainProportionsScale: 1
  m_Children: []
  m_Father: {fileID: 2270007}
  m_RootOrder: 5
  m_LocalEulerAnglesHint: {x: 0, y: 0, z: 0}
--- !u!1 &1561046802
GameObject:
  m_ObjectHideFlags: 0
  m_CorrespondingSourceObject: {fileID: 0}
  m_PrefabInstance: {fileID: 0}
  m_PrefabAsset: {fileID: 0}
  serializedVersion: 6
  m_Component:
  - component: {fileID: 1561046803}
  m_Layer: 0
  m_Name: Camera&Lighting
  m_TagString: Untagged
  m_Icon: {fileID: 0}
  m_NavMeshLayer: 0
  m_StaticEditorFlags: 0
  m_IsActive: 1
--- !u!4 &1561046803
Transform:
  m_ObjectHideFlags: 0
  m_CorrespondingSourceObject: {fileID: 0}
  m_PrefabInstance: {fileID: 0}
  m_PrefabAsset: {fileID: 0}
  m_GameObject: {fileID: 1561046802}
  m_LocalRotation: {x: 0, y: 0, z: 0, w: 1}
  m_LocalPosition: {x: 1.9818422, y: -4.9169216, z: 5.1763673}
  m_LocalScale: {x: 1, y: 1, z: 1}
  m_ConstrainProportionsScale: 0
  m_Children:
  - {fileID: 963194228}
  - {fileID: 705507995}
  m_Father: {fileID: 0}
  m_RootOrder: 1
  m_LocalEulerAnglesHint: {x: 0, y: 0, z: 0}
--- !u!1 &1806603444
GameObject:
  m_ObjectHideFlags: 0
  m_CorrespondingSourceObject: {fileID: 0}
  m_PrefabInstance: {fileID: 0}
  m_PrefabAsset: {fileID: 0}
  serializedVersion: 6
  m_Component:
  - component: {fileID: 1806603449}
  - component: {fileID: 1806603448}
  - component: {fileID: 1806603447}
  - component: {fileID: 1806603446}
  - component: {fileID: 1806603445}
  m_Layer: 0
  m_Name: Sprite (5)
  m_TagString: Untagged
  m_Icon: {fileID: 0}
  m_NavMeshLayer: 0
  m_StaticEditorFlags: 0
  m_IsActive: 1
--- !u!60 &1806603445
PolygonCollider2D:
  m_ObjectHideFlags: 0
  m_CorrespondingSourceObject: {fileID: 0}
  m_PrefabInstance: {fileID: 0}
  m_PrefabAsset: {fileID: 0}
  m_GameObject: {fileID: 1806603444}
  m_Enabled: 1
  m_Density: 1
  m_Material: {fileID: 0}
  m_IsTrigger: 0
  m_UsedByEffector: 0
  m_UsedByComposite: 0
  m_Offset: {x: 0, y: 0}
  m_SpriteTilingProperty:
    border: {x: 0, y: 0, z: 0, w: 0}
    pivot: {x: 0.5, y: 0.5}
    oldSize: {x: 9.15, y: 7.48}
    newSize: {x: 2.9, y: 2.22}
    adaptiveTilingThreshold: 0.5
    drawMode: 0
    adaptiveTiling: 0
  m_AutoTiling: 0
  m_Points:
    m_Paths:
    - - {x: 2.0996094, y: -7.104492}
      - {x: 2.4902344, y: -6.9335938}
      - {x: 2.8320312, y: -6.713867}
      - {x: 3.125, y: -6.4941406}
      - {x: 3.7109375, y: -5.932617}
      - {x: 3.9794922, y: -5.5908203}
      - {x: 4.248047, y: -5.2001953}
      - {x: 4.614258, y: -4.5410156}
      - {x: 4.8339844, y: -4.0039062}
      - {x: 5.004883, y: -3.6376953}
      - {x: 5.3466797, y: -2.8564453}
      - {x: 5.6396484, y: -1.8310547}
      - {x: 5.883789, y: -1.0742188}
      - {x: 6.0058594, y: -0.48828125}
      - {x: 6.0302734, y: -0.07324219}
      - {x: 6.0546875, y: 0.14648438}
      - {x: 6.0546875, y: 1.2939453}
      - {x: 6.0058594, y: 1.6845703}
      - {x: 5.908203, y: 2.2949219}
      - {x: 6.0791016, y: 2.319336}
      - {x: 6.4697266, y: 2.1972656}
      - {x: 6.7871094, y: 2.0751953}
      - {x: 6.982422, y: 2.0019531}
      - {x: 7.421875, y: 1.8554688}
      - {x: 7.6171875, y: 1.8066406}
      - {x: 7.9345703, y: 1.8066406}
      - {x: 8.154297, y: 1.953125}
      - {x: 8.178711, y: 2.0263672}
      - {x: 8.178711, y: 2.5390625}
      - {x: 8.154297, y: 2.7832031}
      - {x: 8.105469, y: 3.3447266}
      - {x: 8.056641, y: 3.8330078}
      - {x: 7.9833984, y: 4.1748047}
      - {x: 7.739258, y: 4.7851562}
      - {x: 7.397461, y: 5.493164}
      - {x: 7.3242188, y: 5.6152344}
      - {x: 7.1777344, y: 5.834961}
      - {x: 6.4941406, y: 6.5185547}
      - {x: 6.298828, y: 6.689453}
      - {x: 5.908203, y: 6.9335938}
      - {x: 5.444336, y: 7.1533203}
      - {x: 5.2246094, y: 7.2509766}
      - {x: 4.8339844, y: 7.373047}
      - {x: 4.4433594, y: 7.446289}
      - {x: 4.1503906, y: 7.495117}
      - {x: 3.3447266, y: 7.495117}
      - {x: 3.149414, y: 7.470703}
      - {x: 2.319336, y: 7.3242188}
      - {x: 2.1484375, y: 7.2753906}
      - {x: 1.6357422, y: 7.104492}
      - {x: 1.3671875, y: 6.982422}
      - {x: 0.68359375, y: 6.591797}
      - {x: 0.61035156, y: 6.7871094}
      - {x: 0.56152344, y: 7.03125}
      - {x: 0.390625, y: 7.2265625}
      - {x: 0.1953125, y: 7.3242188}
      - {x: 0.024414062, y: 7.3242188}
      - {x: -0.12207031, y: 7.2265625}
      - {x: -0.1953125, y: 7.006836}
      - {x: -0.2685547, y: 6.5185547}
      - {x: -0.36621094, y: 6.3476562}
      - {x: -0.5126953, y: 6.0302734}
      - {x: -0.61035156, y: 5.883789}
      - {x: -1.1474609, y: 5.932617}
      - {x: -1.5869141, y: 5.9570312}
      - {x: -1.953125, y: 5.9570312}
      - {x: -2.368164, y: 5.932617}
      - {x: -3.0761719, y: 5.9814453}
      - {x: -3.7841797, y: 5.9814453}
      - {x: -3.9794922, y: 5.9570312}
      - {x: -4.321289, y: 5.883789}
      - {x: -4.5654297, y: 5.810547}
      - {x: -4.9560547, y: 5.6396484}
      - {x: -5.493164, y: 5.2734375}
      - {x: -6.0546875, y: 4.736328}
      - {x: -6.4453125, y: 4.223633}
      - {x: -6.689453, y: 3.8574219}
      - {x: -7.006836, y: 3.2226562}
      - {x: -7.1777344, y: 2.7832031}
      - {x: -7.2753906, y: 2.4658203}
      - {x: -7.397461, y: 1.9287109}
      - {x: -7.446289, y: 1.6357422}
      - {x: -7.5195312, y: 1.0498047}
      - {x: -7.5195312, y: 0.048828125}
      - {x: -7.495117, y: -0.1953125}
      - {x: -7.446289, y: -0.61035156}
      - {x: -7.373047, y: -1.0498047}
      - {x: -7.2998047, y: -1.3916016}
      - {x: -7.1533203, y: -1.9287109}
      - {x: -7.006836, y: -2.3925781}
      - {x: -6.8847656, y: -2.6855469}
      - {x: -6.7382812, y: -3.0273438}
      - {x: -6.4941406, y: -3.5644531}
      - {x: -6.298828, y: -4.0527344}
      - {x: -5.883789, y: -4.8095703}
      - {x: -5.517578, y: -5.2978516}
      - {x: -5.2246094, y: -5.6396484}
      - {x: -4.7851562, y: -6.0791016}
      - {x: -4.4189453, y: -6.3720703}
      - {x: -4.223633, y: -6.5185547}
      - {x: -3.881836, y: -6.713867}
      - {x: -3.540039, y: -6.8847656}
      - {x: -2.9541016, y: -7.2021484}
      - {x: -2.1728516, y: -7.397461}
      - {x: -1.7822266, y: -7.446289}
      - {x: -0.9765625, y: -7.446289}
      - {x: -0.61035156, y: -7.470703}
      - {x: 0.24414062, y: -7.470703}
      - {x: 0.24414062, y: -7.495117}
      - {x: 0.75683594, y: -7.495117}
      - {x: 1.171875, y: -7.397461}
      - {x: 1.4404297, y: -7.348633}
      - {x: 1.7333984, y: -7.2509766}
    - - {x: 0.12207031, y: 5.859375}
      - {x: 0.12207031, y: 5.9570312}
      - {x: 0.14648438, y: 5.9814453}
      - {x: 0.17089844, y: 6.0791016}
      - {x: 0.24414062, y: 6.1523438}
      - {x: 0.34179688, y: 6.176758}
      - {x: 0.36621094, y: 6.201172}
      - {x: 0.6347656, y: 6.201172}
      - {x: 0.7080078, y: 6.1523438}
      - {x: 0.9277344, y: 5.9570312}
      - {x: 0.95214844, y: 5.859375}
      - {x: 0.9033203, y: 5.834961}
      - {x: 0.7080078, y: 5.834961}
      - {x: 0.68359375, y: 5.810547}
      - {x: 0.17089844, y: 5.810547}
--- !u!50 &1806603446
Rigidbody2D:
  serializedVersion: 4
  m_ObjectHideFlags: 0
  m_CorrespondingSourceObject: {fileID: 0}
  m_PrefabInstance: {fileID: 0}
  m_PrefabAsset: {fileID: 0}
  m_GameObject: {fileID: 1806603444}
  m_BodyType: 2
  m_Simulated: 1
  m_UseFullKinematicContacts: 0
  m_UseAutoMass: 0
  m_Mass: 1
  m_LinearDrag: 0
  m_AngularDrag: 0.05
  m_GravityScale: 1
  m_Material: {fileID: 6200000, guid: 6590db5f97e097140992916c222cdef0, type: 2}
  m_Interpolate: 0
  m_SleepingMode: 1
  m_CollisionDetection: 0
  m_Constraints: 0
--- !u!114 &1806603447
MonoBehaviour:
  m_ObjectHideFlags: 0
  m_CorrespondingSourceObject: {fileID: 0}
  m_PrefabInstance: {fileID: 0}
  m_PrefabAsset: {fileID: 0}
  m_GameObject: {fileID: 1806603444}
  m_Enabled: 1
  m_EditorHideFlags: 0
  m_Script: {fileID: 11500000, guid: 0e8ea07ad73f7504fa068bb8af2f48fc, type: 3}
  m_Name: 
  m_EditorClassIdentifier: 
  cam: {fileID: 963194227}
  cutOffTexture: {fileID: 2800000, guid: 13bb1cf9508196e469c8f58a5bfbd8b0, type: 3}
  indices: 
  vertices: []
--- !u!212 &1806603448
SpriteRenderer:
  m_ObjectHideFlags: 0
  m_CorrespondingSourceObject: {fileID: 0}
  m_PrefabInstance: {fileID: 0}
  m_PrefabAsset: {fileID: 0}
  m_GameObject: {fileID: 1806603444}
  m_Enabled: 1
  m_CastShadows: 0
  m_ReceiveShadows: 0
  m_DynamicOccludee: 1
  m_StaticShadowCaster: 0
  m_MotionVectors: 1
  m_LightProbeUsage: 1
  m_ReflectionProbeUsage: 1
  m_RayTracingMode: 0
  m_RayTraceProcedural: 0
  m_RenderingLayerMask: 1
  m_RendererPriority: 0
  m_Materials:
  - {fileID: 10754, guid: 0000000000000000f000000000000000, type: 0}
  m_StaticBatchInfo:
    firstSubMesh: 0
    subMeshCount: 0
  m_StaticBatchRoot: {fileID: 0}
  m_ProbeAnchor: {fileID: 0}
  m_LightProbeVolumeOverride: {fileID: 0}
  m_ScaleInLightmap: 1
  m_ReceiveGI: 1
  m_PreserveUVs: 0
  m_IgnoreNormalsForChartDetection: 0
  m_ImportantGI: 0
  m_StitchLightmapSeams: 1
  m_SelectedEditorRenderState: 0
  m_MinimumChartSize: 4
  m_AutoUVMaxDistance: 0.5
  m_AutoUVMaxAngle: 89
  m_LightmapParameters: {fileID: 0}
  m_SortingLayerID: 0
  m_SortingLayer: 0
  m_SortingOrder: 0
  m_Sprite: {fileID: 21300000, guid: 91feb2485f4d5614bb175da05ab75b03, type: 3}
  m_Color: {r: 1, g: 1, b: 1, a: 1}
  m_FlipX: 0
  m_FlipY: 0
  m_DrawMode: 0
  m_Size: {x: 2.9, y: 2.22}
  m_AdaptiveModeThreshold: 0.5
  m_SpriteTileMode: 0
  m_WasSpriteAssigned: 1
  m_MaskInteraction: 0
  m_SpriteSortPoint: 0
--- !u!4 &1806603449
Transform:
  m_ObjectHideFlags: 0
  m_CorrespondingSourceObject: {fileID: 0}
  m_PrefabInstance: {fileID: 0}
  m_PrefabAsset: {fileID: 0}
  m_GameObject: {fileID: 1806603444}
  m_LocalRotation: {x: -0, y: -0, z: -0, w: 1}
  m_LocalPosition: {x: 12.3, y: 0, z: 0}
  m_LocalScale: {x: 0.2, y: 0.2, z: 0.2}
  m_ConstrainProportionsScale: 1
  m_Children: []
  m_Father: {fileID: 2270007}
  m_RootOrder: 4
  m_LocalEulerAnglesHint: {x: 0, y: 0, z: 0}
--- !u!1 &1895153050
GameObject:
  m_ObjectHideFlags: 0
  m_CorrespondingSourceObject: {fileID: 0}
  m_PrefabInstance: {fileID: 0}
  m_PrefabAsset: {fileID: 0}
  serializedVersion: 6
  m_Component:
  - component: {fileID: 1895153052}
  - component: {fileID: 1895153053}
  - component: {fileID: 1895153055}
  - component: {fileID: 1895153054}
  m_Layer: 0
  m_Name: Floor
  m_TagString: Untagged
  m_Icon: {fileID: 0}
  m_NavMeshLayer: 0
  m_StaticEditorFlags: 0
  m_IsActive: 1
--- !u!4 &1895153052
Transform:
  m_ObjectHideFlags: 0
  m_CorrespondingSourceObject: {fileID: 0}
  m_PrefabInstance: {fileID: 0}
  m_PrefabAsset: {fileID: 0}
  m_GameObject: {fileID: 1895153050}
  m_LocalRotation: {x: -0, y: -0, z: -0, w: 1}
  m_LocalPosition: {x: -1.9818422, y: -0.48307848, z: -5.1763673}
  m_LocalScale: {x: 21.537, y: 1, z: 1}
  m_ConstrainProportionsScale: 0
  m_Children: []
  m_Father: {fileID: 808152068}
  m_RootOrder: 1
  m_LocalEulerAnglesHint: {x: 0, y: 0, z: 0}
--- !u!61 &1895153053
BoxCollider2D:
  m_ObjectHideFlags: 0
  m_CorrespondingSourceObject: {fileID: 0}
  m_PrefabInstance: {fileID: 0}
  m_PrefabAsset: {fileID: 0}
  m_GameObject: {fileID: 1895153050}
  m_Enabled: 1
  m_Density: 1
  m_Material: {fileID: 0}
  m_IsTrigger: 0
  m_UsedByEffector: 0
  m_UsedByComposite: 0
  m_Offset: {x: 0, y: -0.0051389933}
  m_SpriteTilingProperty:
    border: {x: 0, y: 0, z: 0, w: 0}
    pivot: {x: 0, y: 0}
    oldSize: {x: 0, y: 0}
    newSize: {x: 0, y: 0}
    adaptiveTilingThreshold: 0
    drawMode: 0
    adaptiveTiling: 0
  m_AutoTiling: 0
  serializedVersion: 2
  m_Size: {x: 50.55, y: 2.063125}
  m_EdgeRadius: 0
--- !u!33 &1895153054
MeshFilter:
  m_ObjectHideFlags: 0
  m_CorrespondingSourceObject: {fileID: 0}
  m_PrefabInstance: {fileID: 0}
  m_PrefabAsset: {fileID: 0}
  m_GameObject: {fileID: 1895153050}
  m_Mesh: {fileID: -2432090755550338912, guid: 53dd1f83d0196804480db4628b7ee838, type: 3}
--- !u!23 &1895153055
MeshRenderer:
  m_ObjectHideFlags: 0
  m_CorrespondingSourceObject: {fileID: 0}
  m_PrefabInstance: {fileID: 0}
  m_PrefabAsset: {fileID: 0}
  m_GameObject: {fileID: 1895153050}
  m_Enabled: 1
  m_CastShadows: 1
  m_ReceiveShadows: 1
  m_DynamicOccludee: 1
  m_StaticShadowCaster: 0
  m_MotionVectors: 1
  m_LightProbeUsage: 1
  m_ReflectionProbeUsage: 1
  m_RayTracingMode: 2
  m_RayTraceProcedural: 0
  m_RenderingLayerMask: 1
  m_RendererPriority: 0
  m_Materials:
  - {fileID: 2100000, guid: 93b8bd0ca14b2b44dba87ad842bd3c90, type: 2}
  m_StaticBatchInfo:
    firstSubMesh: 0
    subMeshCount: 0
  m_StaticBatchRoot: {fileID: 0}
  m_ProbeAnchor: {fileID: 0}
  m_LightProbeVolumeOverride: {fileID: 0}
  m_ScaleInLightmap: 1
  m_ReceiveGI: 1
  m_PreserveUVs: 0
  m_IgnoreNormalsForChartDetection: 0
  m_ImportantGI: 0
  m_StitchLightmapSeams: 1
  m_SelectedEditorRenderState: 3
  m_MinimumChartSize: 4
  m_AutoUVMaxDistance: 0.5
  m_AutoUVMaxAngle: 89
  m_LightmapParameters: {fileID: 0}
  m_SortingLayerID: 0
  m_SortingLayer: 0
  m_SortingOrder: 0
  m_AdditionalVertexStreams: {fileID: 0}
